:940:
:20:940S190314
:25:NL21RABO0123456789 EUR
:28C:9101/1
:60F:C191108EUR0000000010361,0
:61:191108C0000000000275,0N216NONREF//BI909096168877-0
:86:/PREF/987602019/TRCD/178/INIT//NAME/RABO FD/ISDT/2019-03-14
:61:191108D0000000000180,0N216NONREF//BI909096168877-0
:86:/PREF/987602019/TRCD/178/INIT//NAME/RABO FD/ISDT/2019-03-14
:62F:C191108EUR0000000010456,0
:64:C191108EUR0000000010456,0
:65:C191108EUR0000000010456,0
:65:C191108EUR0000000010456,0
:65:C191108EUR0000000010456,0
:65:C191108EUR0000000010456,0
:20:940S190314
:25:NL21RABO0123456789 EUR
:28C:9201/1
:60F:C191108EUR0000000010456,0
:61:191108C0000000000068,0N216NONREF//BI909096168877-0
:86:/PREF/987602019/TRCD/178/INIT//NAME/RABO FD/ISDT/2019-03-14
:61:191108C0000000000166,0N216NONREF//BI909096168877-0
:86:/PREF/987602019/TRCD/178/INIT//NAME/RABO FD/ISDT/2019-03-14
:62F:C191108EUR0000000010690,0
:64:C191108EUR0000000010690,0
:65:C191108EUR0000000010690,0
:65:C191108EUR0000000010690,0
:65:C191108EUR0000000010690,0
:65:C191108EUR0000000010690,0
:20:940S190314
:25:NL21RABO0123456789 EUR
:28C:9301/1
:60F:C191108EUR0000000010690,0
:61:191108C0000000000041,8N216NONREF//BI909096168877-0
:86:/PREF/987602019/TRCD/178/INIT//NAME/RABO FD/ISDT/2019-03-14
:61:191108D0000000000212,0N216NONREF//BI909096168877-0
:86:/PREF/987602019/TRCD/178/INIT//NAME/RABO FD/ISDT/2019-03-14
:62F:C191108EUR0000000010519,8
:64:C191108EUR0000000010519,8
:65:C191108EUR0000000010519,8
:65:C191108EUR0000000010519,8
:65:C191108EUR0000000010519,8
:65:C191108EUR0000000010519,8
:20:940S190314
:25:NL21RABO0123456789 EUR
:28C:9401/1
:60F:C191112EUR0000000010519,8
:61:191112D0000000000147,0N216NONREF//BI909096168877-0
:86:/PREF/987602019/TRCD/178/INIT//NAME/RABO FD/ISDT/2019-03-14
:61:191112C0000000000113,0N216NONREF//BI909096168877-0
:86:/PREF/987602019/TRCD/178/INIT//NAME/RABO FD/ISDT/2019-03-14
:62F:C191112EUR0000000010485,8
:64:C191112EUR0000000010485,8
:65:C191112EUR0000000010485,8
:65:C191112EUR0000000010485,8
:65:C191112EUR0000000010485,8
:65:C191112EUR0000000010485,8
:20:940S190314
:25:NL21RABO0123456789 EUR
:28C:9501/1
:60F:C191113EUR0000000010485,8
:61:191113D0000000000216,0N216NONREF//BI909096168877-0
:86:/PREF/987602019/TRCD/178/INIT//NAME/RABO FD/ISDT/2019-03-14
:61:191113C0000000000070,0N216NONREF//BI909096168877-0
:86:/PREF/987602019/TRCD/178/INIT//NAME/RABO FD/ISDT/2019-03-14
:62F:C191113EUR0000000010339,8
:64:C191113EUR0000000010339,8
:65:C191113EUR0000000010339,8
:65:C191113EUR0000000010339,8
:65:C191113EUR0000000010339,8
:65:C191113EUR0000000010339,8
:20:940S190314
:25:NL21RABO0123456789 EUR
:28C:9601/1
:60F:C191114EUR0000000010339,8
:61:191114C0000000000001,0N216NONREF//BI909096168877-0
:86:/PREF/987602019/TRCD/178/INIT//NAME/RABO FD/ISDT/2019-03-14
:61:191114C0000000000037,0N216NONREF//BI909096168877-0
:86:/PREF/987602019/TRCD/178/INIT//NAME/RABO FD/ISDT/2019-03-14
:62F:C191114EUR0000000010377,8
:64:C191114EUR0000000010377,8
:65:C191114EUR0000000010377,8
:65:C191114EUR0000000010377,8
:65:C191114EUR0000000010377,8
:65:C191114EUR0000000010377,8
:20:940S190314
:25:NL21RABO0123456789 EUR
:28C:9701/1
:60F:C191115EUR0000000010377,8
:61:191115D0000000000146,0N216NONREF//BI909096168877-0
:86:/PREF/987602019/TRCD/178/INIT//NAME/RABO FD/ISDT/2019-03-14
:61:191115D0000000000093,0N216NONREF//BI909096168877-0
:86:/PREF/987602019/TRCD/178/INIT//NAME/RABO FD/ISDT/2019-03-14
:62F:C191115EUR0000000010138,8
:64:C191115EUR0000000010138,8
:65:C191115EUR0000000010138,8
:65:C191115EUR0000000010138,8
:65:C191115EUR0000000010138,8
:65:C191115EUR0000000010138,8
:20:940S190314
:25:NL21RABO0123456789 EUR
:28C:9801/1
:60F:C191116EUR0000000010138,8
:61:191116C000000000174,33N216NONREF//BI909096168877-0
:86:/PREF/987602019/TRCD/178/INIT//NAME/RABO FD/ISDT/2019-03-14
:61:191116D0000000000209,0N216NONREF//BI909096168877-0
:86:/PREF/987602019/TRCD/178/INIT//NAME/RABO FD/ISDT/2019-03-14
:62F:C191116EUR000000010104,13
:64:C191116EUR000000010104,13
:65:C191116EUR000000010104,13
:65:C191116EUR000000010104,13
:65:C191116EUR000000010104,13
:65:C191116EUR000000010104,13
:20:940S190314
:25:NL21RABO0123456789 EUR
:28C:9901/1
:60F:C191117EUR000000010104,13
:61:191117C0000000000116,0N216NONREF//BI909096168877-0
:86:/PREF/987602019/TRCD/178/INIT//NAME/RABO FD/ISDT/2019-03-14
:61:191117C0000000000086,0N216NONREF//BI909096168877-0
:86:/PREF/987602019/TRCD/178/INIT//NAME/RABO FD/ISDT/2019-03-14
:62F:C191117EUR000000010306,13
:64:C191117EUR000000010306,13
:65:C191117EUR000000010306,13
:65:C191117EUR000000010306,13
:65:C191117EUR000000010306,13
:65:C191117EUR000000010306,13
:20:940S190314
:25:NL21RABO0123456789 EUR
:28C:10001/1
:60F:C191118EUR000000010306,13
:61:191118C0000000000060,0N216NONREF//BI909096168877-0
:86:/PREF/987602019/TRCD/178/INIT//NAME/RABO FD/ISDT/2019-03-14
:61:191118D0000000000077,0N216NONREF//BI909096168877-0
:86:/PREF/987602019/TRCD/178/INIT//NAME/RABO FD/ISDT/2019-03-14
:62F:C191118EUR000000010289,13
:64:C191118EUR000000010289,13
:65:C191118EUR000000010289,13
:65:C191118EUR000000010289,13
:65:C191118EUR000000010289,13
:65:C191118EUR000000010289,13
:20:940S190314
:25:NL21RABO0123456789 EUR
:28C:10101/1
:60F:C191119EUR000000010289,13
:61:191119D0000000000184,0N216NONREF//BI909096168877-0
:86:/PREF/987602019/TRCD/178/INIT//NAME/RABO FD/ISDT/2019-03-14
:61:191119C0000000000176,0N216NONREF//BI909096168877-0
:86:/PREF/987602019/TRCD/178/INIT//NAME/RABO FD/ISDT/2019-03-14
:62F:C191119EUR000000010281,13
:64:C191119EUR000000010281,13
:65:C191119EUR000000010281,13
:65:C191119EUR000000010281,13
:65:C191119EUR000000010281,13
:65:C191119EUR000000010281,13
:20:940S190314
:25:NL21RABO0123456789 EUR
:28C:10201/1
:60F:C191120EUR000000010281,13
:61:191120D0000000000300,0N216NONREF//BI909096168877-0
:86:/PREF/987602019/TRCD/178/INIT//NAME/RABO FD/ISDT/2019-03-14
:61:191120D0000000000288,0N216NONREF//BI909096168877-0
:86:/MARF/111111/EREF/800000ABC826222/TRCD/104/RTRN/FF05/ORDP//NAME/R
abobank RCKV/REMI/Voorschot April 2019/CSID/NLRABO0104913424
:62F:C191120EUR000000009693,13
:64:C191120EUR000000009693,13
:65:C191120EUR000000009693,13
:65:C191120EUR000000009693,13
:65:C191120EUR000000009693,13
:65:C191120EUR000000009693,13
:20:940S190314
:25:NL21RABO0123456789 EUR
:28C:10301/1
:60F:C191121EUR000000009693,13
:61:191121C0000000000112,0N216NONREF//BI909096168877-0
:86:/PREF/987602019/TRCD/178/INIT//NAME/RABO FD/ISDT/2019-03-14
:61:191121C0000000000036,0N216NONREF//BI909096168877-0
:86:/PREF/987602019/TRCD/178/INIT//NAME/RABO FD/ISDT/2019-03-14
:62F:C191121EUR000000009841,13
:64:C191121EUR000000009841,13
:65:C191121EUR000000009841,13
:65:C191121EUR000000009841,13
:65:C191121EUR000000009841,13
:65:C191121EUR000000009841,13
:20:940S190314
:25:NL21RABO0123456789 EUR
:28C:10401/1
:60F:C191122EUR000000009841,13
:61:191122D0000000000263,0N216NONREF//BI909096168877-0
:86:/PREF/987602019/TRCD/178/INIT//NAME/RABO FD/ISDT/2019-03-14
:61:191122D0000000000150,0N216NONREF//BI909096168877-0
:86:/PREF/987602019/TRCD/178/INIT//NAME/RABO FD/ISDT/2019-03-14
:62F:C191122EUR000000009428,13
:64:C191122EUR000000009428,13
:65:C191122EUR000000009428,13
:65:C191122EUR000000009428,13
:65:C191122EUR000000009428,13
:65:C191122EUR000000009428,13
:20:940S190314
:25:NL21RABO0123456789 EUR
:28C:10501/1
:60F:C191123EUR000000009428,13
:61:191123C0000000000600,0N216NONREF//BI909096168877-0
:86:/PREF/987602019/TRCD/178/INIT//NAME/RABO FD/ISDT/2019-03-14
:61:191123D000000000018,15N216NONREF//BI909096168877-0
:86:/PREF/987602019/TRCD/178/INIT//NAME/RABO FD/ISDT/2019-03-14
:62F:C191123EUR000000010009,98
:64:C191123EUR000000010009,98
:65:C191123EUR000000010009,98
:65:C191123EUR000000010009,98
:65:C191123EUR000000010009,98
:65:C191123EUR000000010009,98
:20:940S190314
:25:NL21RABO0123456789 EUR
:28C:10601/1
:60F:C191124EUR000000010009,98
:61:191124C0000000000055,0N216NONREF//BI909096168877-0
:86:/PREF/987602019/TRCD/178/INIT//NAME/RABO FD/ISDT/2019-03-14
:61:191124C0000000000124,0N216NONREF//BI909096168877-0
:86:/PREF/987602019/TRCD/178/INIT//NAME/RABO FD/ISDT/2019-03-14
:62F:C191124EUR000000010188,98
:64:C191124EUR000000010188,98
:65:C191124EUR000000010188,98
:65:C191124EUR000000010188,98
:65:C191124EUR000000010188,98
:65:C191124EUR000000010188,98
:20:940S190314
:25:NL21RABO0123456789 EUR
:28C:10701/1
:60F:C191125EUR000000010188,98
:61:191125C0000000000088,0N216NONREF//BI909096168877-0
:86:/PREF/987602019/TRCD/178/INIT//NAME/RABO FD/ISDT/2019-03-14
:61:191125D0000000000054,0N216NONREF//BI909096168877-0
:86:/PREF/987602019/TRCD/178/INIT//NAME/RABO FD/ISDT/2019-03-14
:62F:C191125EUR000000010222,98
:64:C191125EUR000000010222,98
:65:C191125EUR000000010222,98
:65:C191125EUR000000010222,98
:65:C191125EUR000000010222,98
:65:C191125EUR000000010222,98
:20:940S190314
:25:NL21RABO0123456789 EUR
:28C:10801/1
:60F:C191126EUR000000010222,98
:61:191126D0000000000133,0N216NONREF//BI909096168877-0
:86:/PREF/987602019/TRCD/178/INIT//NAME/RABO FD/ISDT/2019-03-14
:61:191126C0000000000244,0N216NONREF//BI909096168877-0
:86:/PREF/987602019/TRCD/178/INIT//NAME/RABO FD/ISDT/2019-03-14
:62F:C191126EUR000000010333,98
:64:C191126EUR000000010333,98
:65:C191126EUR000000010333,98
:65:C191126EUR000000010333,98
:65:C191126EUR000000010333,98
:65:C191126EUR000000010333,98
:20:940S190314
:25:NL21RABO0123456789 EUR
:28C:10901/1
:60F:C191128EUR000000010333,98
:61:191128D0000000000236,0N216NONREF//BI909096168877-0
:86:/PREF/987602019/TRCD/178/INIT//NAME/RABO FD/ISDT/2019-03-14
:61:191128C0000000000281,0N216NONREF//BI909096168877-0
:86:/PREF/987602019/TRCD/178/INIT//NAME/RABO FD/ISDT/2019-03-14
:62F:C191128EUR000000010378,98
:64:C191128EUR000000010378,98
:65:C191128EUR000000010378,98
:65:C191128EUR000000010378,98
:65:C191128EUR000000010378,98
:65:C191128EUR000000010378,98
:20:940S190314
:25:NL21RABO0123456789 EUR
:28C:11001/1
:60F:C191129EUR000000010378,98
:61:191129C0000000000015,0N216NONREF//BI909096168877-0
:86:/PREF/987602019/TRCD/178/INIT//NAME/RABO FD/ISDT/2019-03-14
:61:191129C0000000000030,0N216NONREF//BI909096168877-0
:86:/PREF/987602019/TRCD/178/INIT//NAME/RABO FD/ISDT/2019-03-14
:62F:C191129EUR000000010423,98
:64:C191129EUR000000010423,98
:65:C191129EUR000000010423,98
:65:C191129EUR000000010423,98
:65:C191129EUR000000010423,98
:65:C191129EUR000000010423,98
:20:940S190314
:25:NL21RABO0123456789 EUR
:28C:11101/1
:60F:C191129EUR000000010423,98
:61:191129D0000000000193,0N216NONREF//BI909096168877-0
:86:/PREF/987602019/TRCD/178/INIT//NAME/RABO FD/ISDT/2019-03-14
:61:191129D0000000000173,0N216NONREF//BI909096168877-0
:86:/PREF/987602019/TRCD/178/INIT//NAME/RABO FD/ISDT/2019-03-14
:62F:C191129EUR000000010057,98
:64:C191129EUR000000010057,98
:65:C191129EUR000000010057,98
:65:C191129EUR000000010057,98
:65:C191129EUR000000010057,98
:65:C191129EUR000000010057,98
:20:940S190314
:25:NL21RABO0123456789 EUR
:28C:11201/1
:60F:C191129EUR000000010057,98
:61:191129C0000000000153,0N216NONREF//BI909096168877-0
:86:/PREF/987602019/TRCD/178/INIT//NAME/RABO FD/ISDT/2019-03-14
:61:191129D0000000000003,0N216NONREF//BI909096168877-0
:86:/PREF/987602019/TRCD/178/INIT//NAME/RABO FD/ISDT/2019-03-14
:62F:C191129EUR000000010207,98
:64:C191129EUR000000010207,98
:65:C191129EUR000000010207,98
:65:C191129EUR000000010207,98
:65:C191129EUR000000010207,98
:65:C191129EUR000000010207,98
:20:940S190314
:25:NL21RABO0123456789 EUR
:28C:11301/1
:60F:C191129EUR000000010207,98
:61:191129C0000000000276,0N216NONREF//BI909096168877-0
:86:/PREF/987602019/TRCD/178/INIT//NAME/RABO FD/ISDT/2019-03-14
:61:191129C0000000000207,0N216NONREF//BI909096168877-0
:86:/PREF/987602019/TRCD/178/INIT//NAME/RABO FD/ISDT/2019-03-14
:62F:C191129EUR000000010690,98
:64:C191129EUR000000010690,98
:65:C191129EUR000000010690,98
:65:C191129EUR000000010690,98
:65:C191129EUR000000010690,98
:65:C191129EUR000000010690,98
:20:940S190314
:25:NL21RABO0123456789 EUR
:28C:11401/1
:60F:C191129EUR000000010690,98
:61:191129C0000000000263,0N216NONREF//BI909096168877-0
:86:/PREF/987602019/TRCD/178/INIT//NAME/RABO FD/ISDT/2019-03-14
:61:191129D0000000000016,0N216NONREF//BI909096168877-0
:86:/PREF/987602019/TRCD/178/INIT//NAME/RABO FD/ISDT/2019-03-14
:62F:C191129EUR000000010937,98
:64:C191129EUR000000010937,98
:65:C191129EUR000000010937,98
:65:C191129EUR000000010937,98
:65:C191129EUR000000010937,98
:65:C191129EUR000000010937,98
:20:940S190314
:25:NL21RABO0123456789 EUR
:28C:11501/1
:60F:C191203EUR000000010937,98
:61:191203D0000000000230,0N216NONREF//BI909096168877-0
:86:/PREF/987602019/TRCD/178/INIT//NAME/RABO FD/ISDT/2019-03-14
:61:191203C0000000000216,0N216NONREF//BI909096168877-0
:86:/PREF/987602019/TRCD/178/INIT//NAME/RABO FD/ISDT/2019-03-14
:62F:C191203EUR000000010923,98
:64:C191203EUR000000010923,98
:65:C191203EUR000000010923,98
:65:C191203EUR000000010923,98
:65:C191203EUR000000010923,98
:65:C191203EUR000000010923,98
:20:940S190314
:25:NL21RABO0123456789 EUR
:28C:11601/1
:60F:C191204EUR000000010923,98
:61:191204D0000000000053,0N216NONREF//BI909096168877-0
:86:/MARF/111111/EREF/800000ABC826222/TRCD/104/RTRN/AM04/ORDP//NAME/R
abobank RCKV/REMI/Voorschot April 2019/CSID/NLRABO0104913451
:61:191204C0000000000046,0N216NONREF//BI909096168877-0
:86:/PREF/987602019/TRCD/178/INIT//NAME/RABO FD/ISDT/2019-03-14
:62F:C191204EUR000000010916,98
:64:C191204EUR000000010916,98
:65:C191204EUR000000010916,98
:65:C191204EUR000000010916,98
:65:C191204EUR000000010916,98
:65:C191204EUR000000010916,98
:20:940S190314
:25:NL21RABO0123456789 EUR
:28C:11701/1
:60F:C191205EUR000000010916,98
:61:191205C0000000000128,0N216NONREF//BI909096168877-0
:86:/PREF/987602019/TRCD/178/INIT//NAME/RABO FD/ISDT/2019-03-14
:61:191205C0000000000175,0N216NONREF//BI909096168877-0
:86:/PREF/987602019/TRCD/178/INIT//NAME/RABO FD/ISDT/2019-03-14
:62F:C191205EUR000000011219,98
:64:C191205EUR000000011219,98
:65:C191205EUR000000011219,98
:65:C191205EUR000000011219,98
:65:C191205EUR000000011219,98
:65:C191205EUR000000011219,98
:20:940S190314
:25:NL21RABO0123456789 EUR
:28C:11801/1
:60F:C191206EUR000000011219,98
:61:191206D0000000000210,0N216NONREF//BI909096168877-0
:86:/PREF/987602019/TRCD/178/INIT//NAME/RABO FD/ISDT/2019-03-14
:61:191206D0000000000118,0N216NONREF//BI909096168877-0
:86:/PREF/987602019/TRCD/178/INIT//NAME/RABO FD/ISDT/2019-03-14
:62F:C191206EUR000000010891,98
:64:C191206EUR000000010891,98
:65:C191206EUR000000010891,98
:65:C191206EUR000000010891,98
:65:C191206EUR000000010891,98
:65:C191206EUR000000010891,98
:20:940S190314
:25:NL21RABO0123456789 EUR
:28C:11901/1
:60F:C191206EUR000000010891,98
:61:191206C0000000000026,4N216NONREF//BI909096168877-0
:86:/PREF/987602019/TRCD/178/INIT//NAME/RABO FD/ISDT/2019-03-14
:61:191206D0000000000171,0N216NONREF//BI909096168877-0
:86:/PREF/987602019/TRCD/178/INIT//NAME/RABO FD/ISDT/2019-03-14
:62F:C191206EUR000000010747,38
:64:C191206EUR000000010747,38
:65:C191206EUR000000010747,38
:65:C191206EUR000000010747,38
:65:C191206EUR000000010747,38
:65:C191206EUR000000010747,38
:20:940S190314
:25:NL21RABO0123456789 EUR
:28C:12001/1
:60F:C191208EUR000000010747,38
:61:191208C0000000000157,0N216NONREF//BI909096168877-0
:86:/PREF/987602019/TRCD/178/INIT//NAME/RABO FD/ISDT/2019-03-14
:61:191208C0000000000264,0N216NONREF//BI909096168877-0
:86:/PREF/987602019/TRCD/178/INIT//NAME/RABO FD/ISDT/2019-03-14
:62F:C191208EUR000000011168,38
:64:C191208EUR000000011168,38
:65:C191208EUR000000011168,38
:65:C191208EUR000000011168,38
:65:C191208EUR000000011168,38
:65:C191208EUR000000011168,38
:20:940S190314
:25:NL21RABO0123456789 EUR
:28C:12101/1
:60F:C191209EUR000000011168,38
:61:191209C0000000000185,0N216NONREF//BI909096168877-0
:86:/PREF/987602019/TRCD/178/INIT//NAME/RABO FD/ISDT/2019-03-14
:61:191209D0000000000050,5N216NONREF//BI909096168877-0
:86:/PREF/987602019/TRCD/178/INIT//NAME/RABO FD/ISDT/2019-03-14
:62F:C191209EUR000000011302,88
:64:C191209EUR000000011302,88
:65:C191209EUR000000011302,88
:65:C191209EUR000000011302,88
:65:C191209EUR000000011302,88
:65:C191209EUR000000011302,88
:20:940S190314
:25:NL21RABO0123456789 EUR
:28C:12201/1
:60F:C191210EUR000000011302,88
:61:191210D0000000000282,0N216NONREF//BI909096168877-0
:86:/PREF/987602019/TRCD/178/INIT//NAME/RABO FD/ISDT/2019-03-14
:61:191210C0000000000271,0N216NONREF//BI909096168877-0
:86:/PREF/987602019/TRCD/178/INIT//NAME/RABO FD/ISDT/2019-03-14
:62F:C191210EUR000000011291,88
:64:C191210EUR000000011291,88
:65:C191210EUR000000011291,88
:65:C191210EUR000000011291,88
:65:C191210EUR000000011291,88
:65:C191210EUR000000011291,88
:20:940S190314
:25:NL21RABO0123456789 EUR
:28C:12301/1
:60F:C191211EUR000000011291,88
:61:191211D0000000000140,0N216NONREF//BI909096168877-0
:86:/PREF/987602019/TRCD/178/INIT//NAME/RABO FD/ISDT/2019-03-14
:61:191211C0000000000128,0N216NONREF//BI909096168877-0
:86:/PREF/987602019/TRCD/178/INIT//NAME/RABO FD/ISDT/2019-03-14
:62F:C191211EUR000000011279,88
:64:C191211EUR000000011279,88
:65:C191211EUR000000011279,88
:65:C191211EUR000000011279,88
:65:C191211EUR000000011279,88
:65:C191211EUR000000011279,88
:20:940S190314
:25:NL21RABO0123456789 EUR
:28C:12401/1
:60F:C191212EUR000000011279,88
:61:191212C0000000000234,0N216NONREF//BI909096168877-0
:86:/PREF/987602019/TRCD/178/INIT//NAME/RABO FD/ISDT/2019-03-14
:61:191212C0000000000081,0N216NONREF//BI909096168877-0
:86:/PREF/987602019/TRCD/178/INIT//NAME/RABO FD/ISDT/2019-03-14
:62F:C191212EUR000000011594,88
:64:C191212EUR000000011594,88
:65:C191212EUR000000011594,88
:65:C191212EUR000000011594,88
:65:C191212EUR000000011594,88
:65:C191212EUR000000011594,88
:20:940S190314
:25:NL21RABO0123456789 EUR
:28C:12501/1
:60F:C191212EUR000000011594,88
:61:191212D0000000000219,0N216NONREF//BI909096168877-0
:86:/PREF/987602019/TRCD/178/INIT//NAME/RABO FD/ISDT/2019-03-14
:61:191212D0000000000146,0N216NONREF//BI909096168877-0
:86:/PREF/987602019/TRCD/178/INIT//NAME/RABO FD/ISDT/2019-03-14
:62F:C191212EUR000000011229,88
:64:C191212EUR000000011229,88
:65:C191212EUR000000011229,88
:65:C191212EUR000000011229,88
:65:C191212EUR000000011229,88
:65:C191212EUR000000011229,88
:20:940S190314
:25:NL21RABO0123456789 EUR
:28C:12601/1
:60F:C191212EUR000000011229,88
:61:191212C0000000000230,0N216NONREF//BI909096168877-0
:86:/PREF/987602019/TRCD/178/INIT//NAME/RABO FD/ISDT/2019-03-14
:61:191212D0000000000024,0N216NONREF//BI909096168877-0
:86:/PREF/987602019/TRCD/178/INIT//NAME/RABO FD/ISDT/2019-03-14
:62F:C191212EUR000000011435,88
:64:C191212EUR000000011435,88
:65:C191212EUR000000011435,88
:65:C191212EUR000000011435,88
:65:C191212EUR000000011435,88
:65:C191212EUR000000011435,88
:20:940S190314
:25:NL21RABO0123456789 EUR
:28C:12701/1
:60F:C191212EUR000000011435,88
:61:191212C0000000000063,0N216NONREF//BI909096168877-0
:86:/PREF/987602019/TRCD/178/INIT//NAME/RABO FD/ISDT/2019-03-14
:61:191212C0000000000193,0N216NONREF//BI909096168877-0
:86:/PREF/987602019/TRCD/178/INIT//NAME/RABO FD/ISDT/2019-03-14
:62F:C191212EUR000000011691,88
:64:C191212EUR000000011691,88
:65:C191212EUR000000011691,88
:65:C191212EUR000000011691,88
:65:C191212EUR000000011691,88
:65:C191212EUR000000011691,88
:20:940S190314
:25:NL21RABO0123456789 EUR
:28C:12801/1
:60F:C191212EUR000000011691,88
:61:191212C0000000000177,0N216NONREF//BI909096168877-0
:86:/PREF/987602019/TRCD/178/INIT//NAME/RABO FD/ISDT/2019-03-14
:61:191212D0000000000031,0N216NONREF//BI909096168877-0
:86:/PREF/987602019/TRCD/178/INIT//NAME/RABO FD/ISDT/2019-03-14
:62F:C191212EUR000000011837,88
:64:C191212EUR000000011837,88
:65:C191212EUR000000011837,88
:65:C191212EUR000000011837,88
:65:C191212EUR000000011837,88
:65:C191212EUR000000011837,88
:20:940S190314
:25:NL21RABO0123456789 EUR
:28C:12901/1
:60F:C191212EUR000000011837,88
:61:191212D0000000000288,0N216NONREF//BI909096168877-0
:86:/PREF/987602019/TRCD/178/INIT//NAME/RABO FD/ISDT/2019-03-14
:61:191212C0000000000261,0N216NONREF//BI909096168877-0
:86:/PREF/987602019/TRCD/178/INIT//NAME/RABO FD/ISDT/2019-03-14
:62F:C191212EUR000000011810,88
:64:C191212EUR000000011810,88
:65:C191212EUR000000011810,88
:65:C191212EUR000000011810,88
:65:C191212EUR000000011810,88
:65:C191212EUR000000011810,88
:20:940S190314
:25:NL21RABO0123456789 EUR
:28C:13001/1
:60F:C191218EUR000000011810,88
:61:191218D0000000000146,0N216NONREF//BI909096168877-0
:86:/PREF/987602019/TRCD/178/INIT//NAME/RABO FD/ISDT/2019-03-14
:61:191218C0000000000053,0N216NONREF//BI909096168877-0
:86:/PREF/987602019/TRCD/178/INIT//NAME/RABO FD/ISDT/2019-03-14
:62F:C191218EUR000000011717,88
:64:C191218EUR000000011717,88
:65:C191218EUR000000011717,88
:65:C191218EUR000000011717,88
:65:C191218EUR000000011717,88
:65:C191218EUR000000011717,88
:20:940S190314
:25:NL21RABO0123456789 EUR
:28C:13101/1
:60F:C191219EUR000000011717,88
:61:191219C0000000000041,0N216NONREF//BI909096168877-0
:86:/PREF/987602019/TRCD/178/INIT//NAME/RABO FD/ISDT/2019-03-14
:61:191219C0000000000084,0N216NONREF//BI909096168877-0
:86:/PREF/987602019/TRCD/178/INIT//NAME/RABO FD/ISDT/2019-03-14
:62F:C191219EUR000000011842,88
:64:C191219EUR000000011842,88
:65:C191219EUR000000011842,88
:65:C191219EUR000000011842,88
:65:C191219EUR000000011842,88
:65:C191219EUR000000011842,88
:20:940S190314
:25:NL21RABO0123456789 EUR
:28C:13201/1
:60F:C191219EUR000000011842,88
:61:191219D000000000165,13N216NONREF//BI909096168877-0
:86:/PREF/987602019/TRCD/178/INIT//NAME/RABO FD/ISDT/2019-03-14
:61:191219D0000000000071,0N216NONREF//BI909096168877-0
:86:/PREF/987602019/TRCD/178/INIT//NAME/RABO FD/ISDT/2019-03-14
:62F:C191219EUR000000011606,75
:64:C191219EUR000000011606,75
:65:C191219EUR000000011606,75
:65:C191219EUR000000011606,75
:65:C191219EUR000000011606,75
:65:C191219EUR000000011606,75
:20:940S190314
:25:NL21RABO0123456789 EUR
:28C:13301/1
:60F:C191219EUR000000011606,75
:61:191219C0000000000002,0N216NONREF//BI909096168877-0
:86:/PREF/987602019/TRCD/178/INIT//NAME/RABO FD/ISDT/2019-03-14
:61:191219D0000000000297,0N216NONREF//BI909096168877-0
:86:/PREF/987602019/TRCD/178/INIT//NAME/RABO FD/ISDT/2019-03-14
:62F:C191219EUR000000011311,75
:64:C191219EUR000000011311,75
:65:C191219EUR000000011311,75
:65:C191219EUR000000011311,75
:65:C191219EUR000000011311,75
:65:C191219EUR000000011311,75
:20:940S190314
:25:NL21RABO0123456789 EUR
:28C:13401/1
:60F:C191219EUR000000011311,75
:61:191219D0000000000270,0N216NONREF//BI909096168877-0
:86:/PREF/987602019/TRCD/178/INIT//NAME/RABO FD/ISDT/2019-03-14
:61:191219C0000000000248,0N216NONREF//BI909096168877-0
:86:/PREF/987602019/TRCD/178/INIT//NAME/RABO FD/ISDT/2019-03-14
:62F:C191219EUR000000011289,75
:64:C191219EUR000000011289,75
:65:C191219EUR000000011289,75
:65:C191219EUR000000011289,75
:65:C191219EUR000000011289,75
:65:C191219EUR000000011289,75
:20:940S190314
:25:NL21RABO0123456789 EUR
:28C:13501/1
:60F:C191219EUR000000011289,75
:61:191219C0000000000103,0N216NONREF//BI909096168877-0
:86:/PREF/987602019/TRCD/178/INIT//NAME/RABO FD/ISDT/2019-03-14
:61:191219D0000000000043,0N216NONREF//BI909096168877-0
:86:/PREF/987602019/TRCD/178/INIT//NAME/RABO FD/ISDT/2019-03-14
:62F:C191219EUR000000011349,75
:64:C191219EUR000000011349,75
:65:C191219EUR000000011349,75
:65:C191219EUR000000011349,75
:65:C191219EUR000000011349,75
:65:C191219EUR000000011349,75
:20:940S190314
:25:NL21RABO0123456789 EUR
:28C:13601/1
:60F:C191219EUR000000011349,75
:61:191219D0000000000120,0N216NONREF//BI909096168877-0
:86:/PREF/987602019/TRCD/178/INIT//NAME/RABO FD/ISDT/2019-03-14
:61:191219C0000000000041,0N216NONREF//BI909096168877-0
:86:/PREF/987602019/TRCD/178/INIT//NAME/RABO FD/ISDT/2019-03-14
:62F:C191219EUR000000011270,75
:64:C191219EUR000000011270,75
:65:C191219EUR000000011270,75
:65:C191219EUR000000011270,75
:65:C191219EUR000000011270,75
:65:C191219EUR000000011270,75
:20:940S190314
:25:NL21RABO0123456789 EUR
:28C:13701/1
:60F:C191225EUR000000011270,75
:61:191225D0000000000600,5N216NONREF//BI909096168877-0
:86:/PREF/987602019/TRCD/178/INIT//NAME/RABO FD/ISDT/2019-03-14
:61:191225C0000000000185,0N216NONREF//BI909096168877-0
:86:/PREF/987602019/TRCD/178/INIT//NAME/RABO FD/ISDT/2019-03-14
:62F:C191225EUR000000010855,25
:64:C191225EUR000000010855,25
:65:C191225EUR000000010855,25
:65:C191225EUR000000010855,25
:65:C191225EUR000000010855,25
:65:C191225EUR000000010855,25
:20:940S190314
:25:NL21RABO0123456789 EUR
:28C:13801/1
:60F:C191226EUR000000010855,25
:61:191226C0000000000087,0N216NONREF//BI909096168877-0
:86:/PREF/987602019/TRCD/178/INIT//NAME/RABO FD/ISDT/2019-03-14
:61:191226C0000000000167,0N216NONREF//BI909096168877-0
:86:/PREF/987602019/TRCD/178/INIT//NAME/RABO FD/ISDT/2019-03-14
:62F:C191226EUR000000011109,25
:64:C191226EUR000000011109,25
:65:C191226EUR000000011109,25
:65:C191226EUR000000011109,25
:65:C191226EUR000000011109,25
:65:C191226EUR000000011109,25
:20:940S190314
:25:NL21RABO0123456789 EUR
:28C:13901/1
:60F:C191226EUR000000011109,25
:61:191226D0000000000073,0N216NONREF//BI909096168877-0
:86:/PREF/987602019/TRCD/178/INIT//NAME/RABO FD/ISDT/2019-03-14
:61:191226D0000000000297,0N216NONREF//BI909096168877-0
:86:/PREF/987602019/TRCD/178/INIT//NAME/RABO FD/ISDT/2019-03-14
:62F:C191226EUR000000010739,25
:64:C191226EUR000000010739,25
:65:C191226EUR000000010739,25
:65:C191226EUR000000010739,25
:65:C191226EUR000000010739,25
:65:C191226EUR000000010739,25
:20:940S190314
:25:NL21RABO0123456789 EUR
:28C:14001/1
:60F:C191226EUR000000010739,25
:61:191226C0000000000088,0N216NONREF//BI909096168877-0
:86:/PREF/987602019/TRCD/178/INIT//NAME/RABO FD/ISDT/2019-03-14
:61:191226D0000000000042,0N216NONREF//BI909096168877-0
:86:/MARF/111111/EREF/800000ABC826222/TRCD/104/RTRN/AM04/ORDP//NAME/R
abobank RCKV/REMI/Voorschot April 2019/CSID/NLRABO0104913500
:62F:C191226EUR000000010785,25
:64:C191226EUR000000010785,25
:65:C191226EUR000000010785,25
:65:C191226EUR000000010785,25
:65:C191226EUR000000010785,25
:65:C191226EUR000000010785,25
:20:940S190314
:25:NL21RABO0123456789 EUR
:28C:14101/1
:60F:C191229EUR000000010785,25
:61:191229C0000000000042,0N216NONREF//BI909096168877-0
:86:/MARF/111111/EREF/800000ABC826222/TRCD/104/RTRN/AM04/ORDP//NAME/R
abobank RCKV/REMI/Voorschot April 2019/CSID/NLRABO0104913501
:61:191229C0000000000218,0N216NONREF//BI909096168877-0
:86:/MARF/111111/EREF/800000ABC826222/TRCD/104/RTRN/AM04/ORDP//NAME/R
abobank RCKV/REMI/Voorschot April 2019/CSID/NLRABO0104913502
:62F:C191229EUR000000011045,25
:64:C191229EUR000000011045,25
:65:C191229EUR000000011045,25
:65:C191229EUR000000011045,25
:65:C191229EUR000000011045,25
:65:C191229EUR000000011045,25
:20:940S190314
:25:NL21RABO0123456789 EUR
:28C:14201/1
:60F:C191230EUR000000011045,25
:61:191230C0000000000066,0N216NONREF//BI909096168877-0
:86:/PREF/987602019/TRCD/178/INIT//NAME/RABO FD/ISDT/2019-03-14
:61:191230D0000000000193,0N216NONREF//BI909096168877-0
:86:/PREF/987602019/TRCD/178/INIT//NAME/RABO FD/ISDT/2019-03-14
:62F:C191230EUR000000010918,25
:64:C191230EUR000000010918,25
:65:C191230EUR000000010918,25
:65:C191230EUR000000010918,25
:65:C191230EUR000000010918,25
:65:C191230EUR000000010918,25
:20:940S190314
:25:NL21RABO0123456789 EUR
:28C:14301/1
:60F:C191231EUR000000010918,25
:61:191231D0000000000195,0N216NONREF//BI909096168877-0
:86:/PREF/987602019/TRCD/178/INIT//NAME/RABO FD/ISDT/2019-03-14
:61:191231C0000000000271,0N216NONREF//BI909096168877-0
:86:/PREF/987602019/TRCD/178/INIT//NAME/RABO FD/ISDT/2019-03-14
:62F:C191231EUR000000010994,25
:64:C191231EUR000000010994,25
:65:C191231EUR000000010994,25
:65:C191231EUR000000010994,25
:65:C191231EUR000000010994,25
:65:C191231EUR000000010994,25
:20:940S190314
:25:NL21RABO0123456789 EUR
:28C:14401/1
:60F:C200101EUR000000010994,25
:61:200101D0000000000005,0N216NONREF//BI909096168877-0
:86:/PREF/987602019/TRCD/178/INIT//NAME/RABO FD/ISDT/2019-03-14
:61:200101C0000000000269,0N216NONREF//BI909096168877-0
:86:/PREF/987602019/TRCD/178/INIT//NAME/RABO FD/ISDT/2019-03-14
:62F:C200101EUR000000011258,25
:64:C200101EUR000000011258,25
:65:C200101EUR000000011258,25
:65:C200101EUR000000011258,25
:65:C200101EUR000000011258,25
:65:C200101EUR000000011258,25
:20:940S190314
:25:NL21RABO0123456789 EUR
:28C:14501/1
:60F:C200102EUR000000011258,25
:61:200102C0000000000059,0N216NONREF//BI909096168877-0
:86:/PREF/987602019/TRCD/178/INIT//NAME/RABO FD/ISDT/2019-03-14
:61:200102C0000000000251,0N216NONREF//BI909096168877-0
:86:/PREF/987602019/TRCD/178/INIT//NAME/RABO FD/ISDT/2019-03-14
:62F:C200102EUR000000011568,25
:64:C200102EUR000000011568,25
:65:C200102EUR000000011568,25
:65:C200102EUR000000011568,25
:65:C200102EUR000000011568,25
:65:C200102EUR000000011568,25
:20:940S190314
:25:NL21RABO0123456789 EUR
:28C:14601/1
:60F:C200103EUR000000011568,25
:61:200103D0000000000039,0N216NONREF//BI909096168877-0
:86:/PREF/987602019/TRCD/178/INIT//NAME/RABO FD/ISDT/2019-03-14
:61:200103D0000000000022,0N216NONREF//BI909096168877-0
:86:/PREF/987602019/TRCD/178/INIT//NAME/RABO FD/ISDT/2019-03-14
:62F:C200103EUR000000011507,25
:64:C200103EUR000000011507,25
:65:C200103EUR000000011507,25
:65:C200103EUR000000011507,25
:65:C200103EUR000000011507,25
:65:C200103EUR000000011507,25
:20:940S190314
:25:NL21RABO0123456789 EUR
:28C:14701/1
:60F:C200104EUR000000011507,25
:61:200104C0000000000265,0N216NONREF//BI909096168877-0
:86:/PREF/987602019/TRCD/178/INIT//NAME/RABO FD/ISDT/2019-03-14
:61:200104D0000000000119,0N216NONREF//BI909096168877-0
:86:/PREF/987602019/TRCD/178/INIT//NAME/RABO FD/ISDT/2019-03-14
:62F:C200104EUR000000011653,25
:64:C200104EUR000000011653,25
:65:C200104EUR000000011653,25
:65:C200104EUR000000011653,25
:65:C200104EUR000000011653,25
:65:C200104EUR000000011653,25
:20:940S190314
:25:NL21RABO0123456789 EUR
:28C:14801/1
:60F:C200105EUR000000011653,25
:61:200105D0000000000025,0N216NONREF//BI909096168877-0
:86:/PREF/987602019/TRCD/178/INIT//NAME/RABO FD/ISDT/2019-03-14
:61:200105D0000000000209,0N216NONREF//BI909096168877-0
:86:/PREF/987602019/TRCD/178/INIT//NAME/RABO FD/ISDT/2019-03-14
:62F:C200105EUR000000011419,25
:64:C200105EUR000000011419,25
:65:C200105EUR000000011419,25
:65:C200105EUR000000011419,25
:65:C200105EUR000000011419,25
:65:C200105EUR000000011419,25
:20:940S190314
:25:NL21RABO0123456789 EUR
:28C:14901/1
:60F:C200106EUR000000011419,25
:61:200106D0000000000066,0N216NONREF//BI909096168877-0
:86:/PREF/987602019/TRCD/178/INIT//NAME/RABO FD/ISDT/2019-03-14
:61:200106D0000000000088,0N216NONREF//BI909096168877-0
:86:/PREF/987602019/TRCD/178/INIT//NAME/RABO FD/ISDT/2019-03-14
:62F:C200106EUR000000011265,25
:64:C200106EUR000000011265,25
:65:C200106EUR000000011265,25
:65:C200106EUR000000011265,25
:65:C200106EUR000000011265,25
:65:C200106EUR000000011265,25
:20:940S190314
:25:NL21RABO0123456789 EUR
:28C:15001/1
:60F:C200107EUR000000011265,25
:61:200107D0000000000070,0N216NONREF//BI909096168877-0
:86:/PREF/987602019/TRCD/178/INIT//NAME/RABO FD/ISDT/2019-03-14
:61:200107C0000000000157,0N216NONREF//BI909096168877-0
:86:/PREF/987602019/TRCD/178/INIT//NAME/RABO FD/ISDT/2019-03-14
:62F:C200107EUR000000011352,25
:64:C200107EUR000000011352,25
:65:C200107EUR000000011352,25
:65:C200107EUR000000011352,25
:65:C200107EUR000000011352,25
:65:C200107EUR000000011352,25
:20:940S190314
:25:NL21RABO0123456789 EUR
:28C:15101/1
:60F:C200108EUR000000011352,25
:61:200108D0000000000097,0N216NONREF//BI909096168877-0
:86:/PREF/987602019/TRCD/178/INIT//NAME/RABO FD/ISDT/2019-03-14
:61:200108C0000000000020,0N216NONREF//BI909096168877-0
:86:/PREF/987602019/TRCD/178/INIT//NAME/RABO FD/ISDT/2019-03-14
:62F:C200108EUR000000011275,25
:64:C200108EUR000000011275,25
:65:C200108EUR000000011275,25
:65:C200108EUR000000011275,25
:65:C200108EUR000000011275,25
:65:C200108EUR000000011275,25
:20:940S190314
:25:NL21RABO0123456789 EUR
:28C:15201/1
:60F:C200109EUR000000011275,25
:61:200109D0000000000195,0N216NONREF//BI909096168877-0
:86:/PREF/987602019/TRCD/178/INIT//NAME/RABO FD/ISDT/2019-03-14
:61:200109D0000000000289,0N216NONREF//BI909096168877-0
:86:/PREF/987602019/TRCD/178/INIT//NAME/RABO FD/ISDT/2019-03-14
:62F:C200109EUR000000010791,25
:64:C200109EUR000000010791,25
:65:C200109EUR000000010791,25
:65:C200109EUR000000010791,25
:65:C200109EUR000000010791,25
:65:C200109EUR000000010791,25
:20:940S190314
:25:NL21RABO0123456789 EUR
:28C:15301/1
:60F:C200110EUR000000010791,25
:61:200110D0000000000191,0N216NONREF//BI909096168877-0
:86:/PREF/987602019/TRCD/178/INIT//NAME/RABO FD/ISDT/2019-03-14
:61:200110D0000000000140,0N216NONREF//BI909096168877-0
:86:/PREF/987602019/TRCD/178/INIT//NAME/RABO FD/ISDT/2019-03-14
:62F:C200110EUR000000010460,25
:64:C200110EUR000000010460,25
:65:C200110EUR000000010460,25
:65:C200110EUR000000010460,25
:65:C200110EUR000000010460,25
:65:C200110EUR000000010460,25
:20:940S190314
:25:NL21RABO0123456789 EUR
:28C:15401/1
:60F:C200111EUR000000010460,25
:61:200111C0000000000121,0N216NONREF//BI909096168877-0
:86:/PREF/987602019/TRCD/178/INIT//NAME/RABO FD/ISDT/2019-03-14
:61:200111D0000000000203,0N216NONREF//BI909096168877-0
:86:/PREF/987602019/TRCD/178/INIT//NAME/RABO FD/ISDT/2019-03-14
:62F:C200111EUR000000010378,25
:64:C200111EUR000000010378,25
:65:C200111EUR000000010378,25
:65:C200111EUR000000010378,25
:65:C200111EUR000000010378,25
:65:C200111EUR000000010378,25
:20:940S190314
:25:NL21RABO0123456789 EUR
:28C:15501/1
:60F:C200112EUR000000010378,25
:61:200112C0000000000069,0N216NONREF//BI909096168877-0
:86:/PREF/987602019/TRCD/178/INIT//NAME/RABO FD/ISDT/2019-03-14
:61:200112C0000000000070,0N216NONREF//BI909096168877-0
:86:/PREF/987602019/TRCD/178/INIT//NAME/RABO FD/ISDT/2019-03-14
:62F:C200112EUR000000010517,25
:64:C200112EUR000000010517,25
:65:C200112EUR000000010517,25
:65:C200112EUR000000010517,25
:65:C200112EUR000000010517,25
:65:C200112EUR000000010517,25
:20:940S190314
:25:NL21RABO0123456789 EUR
:28C:15601/1
:60F:C200113EUR000000010517,25
:61:200113C0000000000115,0N216NONREF//BI909096168877-0
:86:/PREF/987602019/TRCD/178/INIT//NAME/RABO FD/ISDT/2019-03-14
:61:200113D0000000000144,0N216NONREF//BI909096168877-0
:86:/PREF/987602019/TRCD/178/INIT//NAME/RABO FD/ISDT/2019-03-14
:62F:C200113EUR000000010488,25
:64:C200113EUR000000010488,25
:65:C200113EUR000000010488,25
:65:C200113EUR000000010488,25
:65:C200113EUR000000010488,25
:65:C200113EUR000000010488,25
:20:940S190314
:25:NL21RABO0123456789 EUR
:28C:15701/1
:60F:C200114EUR000000010488,25
:61:200114D0000000000207,0N216NONREF//BI909096168877-0
:86:/PREF/987602019/TRCD/178/INIT//NAME/RABO FD/ISDT/2019-03-14
:61:200114C0000000000008,0N216NONREF//BI909096168877-0
:86:/MARF/111111/EREF/800000ABC826222/TRCD/104/RTRN/RR01/ORDP//NAME/R
abobank RCKV/REMI/Voorschot April 2019/CSID/NLRABO0104913534
:62F:C200114EUR000000010289,25
:64:C200114EUR000000010289,25
:65:C200114EUR000000010289,25
:65:C200114EUR000000010289,25
:65:C200114EUR000000010289,25
:65:C200114EUR000000010289,25
:20:940S190314
:25:NL21RABO0123456789 EUR
:28C:15801/1
:60F:C200115EUR000000010289,25
:61:200115D0000000000109,0N216NONREF//BI909096168877-0
:86:/PREF/987602019/TRCD/178/INIT//NAME/RABO FD/ISDT/2019-03-14
:61:200115C0000000000291,0N216NONREF//BI909096168877-0
:86:/PREF/987602019/TRCD/178/INIT//NAME/RABO FD/ISDT/2019-03-14
:62F:C200115EUR000000010471,25
:64:C200115EUR000000010471,25
:65:C200115EUR000000010471,25
:65:C200115EUR000000010471,25
:65:C200115EUR000000010471,25
:65:C200115EUR000000010471,25
:20:940S190314
:25:NL21RABO0123456789 EUR
:28C:15901/1
:60F:C200116EUR000000010471,25
:61:200116C0000000000145,0N216NONREF//BI909096168877-0
:86:/PREF/987602019/TRCD/178/INIT//NAME/RABO FD/ISDT/2019-03-14
:61:200116C0000000000244,0N216NONREF//BI909096168877-0
:86:/MARF/111111/EREF/800000ABC826222/TRCD/104/RTRN/SL01/ORDP//NAME/R
abobank RCKV/REMI/Voorschot April 2019/CSID/NLRABO0104913538
:62F:C200116EUR000000010860,25
:64:C200116EUR000000010860,25
:65:C200116EUR000000010860,25
:65:C200116EUR000000010860,25
:65:C200116EUR000000010860,25
:65:C200116EUR000000010860,25
:20:940S190314
:25:NL21RABO0123456789 EUR
:28C:16001/1
:60F:C200117EUR000000010860,25
:61:200117D0000000000251,0N216NONREF//BI909096168877-0
:86:/PREF/987602019/TRCD/178/INIT//NAME/RABO FD/ISDT/2019-03-14
:61:200117D0000000000064,0N216NONREF//BI909096168877-0
:86:/PREF/987602019/TRCD/178/INIT//NAME/RABO FD/ISDT/2019-03-14
:62F:C200117EUR000000010545,25
:64:C200117EUR000000010545,25
:65:C200117EUR000000010545,25
:65:C200117EUR000000010545,25
:65:C200117EUR000000010545,25
:65:C200117EUR000000010545,25
:20:940S190314
:25:NL21RABO0123456789 EUR
:28C:16101/1
:60F:C200118EUR000000010545,25
:61:200118C0000000000111,0N216NONREF//BI909096168877-0
:86:/PREF/987602019/TRCD/178/INIT//NAME/RABO FD/ISDT/2019-03-14
:61:200118D0000000000282,0N216NONREF//BI909096168877-0
:86:/PREF/987602019/TRCD/178/INIT//NAME/RABO FD/ISDT/2019-03-14
:62F:C200118EUR000000010374,25
:64:C200118EUR000000010374,25
:65:C200118EUR000000010374,25
:65:C200118EUR000000010374,25
:65:C200118EUR000000010374,25
:65:C200118EUR000000010374,25
:20:940S190314
:25:NL21RABO0123456789 EUR
:28C:16201/1
:60F:C200118EUR000000010374,25
:61:200118C0000000000087,0N216NONREF//BI909096168877-0
:86:/PREF/987602019/TRCD/178/INIT//NAME/RABO FD/ISDT/2019-03-14
:61:200118C0000000000168,0N216NONREF//BI909096168877-0
:86:/PREF/987602019/TRCD/178/INIT//NAME/RABO FD/ISDT/2019-03-14
:62F:C200118EUR000000010629,25
:64:C200118EUR000000010629,25
:65:C200118EUR000000010629,25
:65:C200118EUR000000010629,25
:65:C200118EUR000000010629,25
:65:C200118EUR000000010629,25
:20:940S190314
:25:NL21RABO0123456789 EUR
:28C:16301/1
:60F:C200120EUR000000010629,25
:61:200120C0000000000228,0N216NONREF//BI909096168877-0
:86:/PREF/987602019/TRCD/178/INIT//NAME/RABO FD/ISDT/2019-03-14
:61:200120D0000000000185,0N216NONREF//BI909096168877-0
:86:/PREF/987602019/TRCD/178/INIT//NAME/RABO FD/ISDT/2019-03-14
:62F:C200120EUR000000010672,25
:64:C200120EUR000000010672,25
:65:C200120EUR000000010672,25
:65:C200120EUR000000010672,25
:65:C200120EUR000000010672,25
:65:C200120EUR000000010672,25
:20:940S190314
:25:NL21RABO0123456789 EUR
:28C:16401/1
:60F:C200120EUR000000010672,25
:61:200120D0000000000124,0N216NONREF//BI909096168877-0
:86:/PREF/987602019/TRCD/178/INIT//NAME/RABO FD/ISDT/2019-03-14
:61:200120C0000000000192,0N216NONREF//BI909096168877-0
:86:/PREF/987602019/TRCD/178/INIT//NAME/RABO FD/ISDT/2019-03-14
:62F:C200120EUR000000010740,25
:64:C200120EUR000000010740,25
:65:C200120EUR000000010740,25
:65:C200120EUR000000010740,25
:65:C200120EUR000000010740,25
:65:C200120EUR000000010740,25
:20:940S190314
:25:NL21RABO0123456789 EUR
:28C:16501/1
:60F:C200122EUR000000010740,25
:61:200122D0000000000258,0N216NONREF//BI909096168877-0
:86:/PREF/987602019/TRCD/178/INIT//NAME/RABO FD/ISDT/2019-03-14
:61:200122C0000000000218,0N216NONREF//BI909096168877-0
:86:/PREF/987602019/TRCD/178/INIT//NAME/RABO FD/ISDT/2019-03-14
:62F:C200122EUR000000010700,25
:64:C200122EUR000000010700,25
:65:C200122EUR000000010700,25
:65:C200122EUR000000010700,25
:65:C200122EUR000000010700,25
:65:C200122EUR000000010700,25
:20:940S190314
:25:NL21RABO0123456789 EUR
:28C:16601/1
:60F:C200123EUR000000010700,25
:61:200123C0000000000191,0N216NONREF//BI909096168877-0
:86:/PREF/987602019/TRCD/178/INIT//NAME/RABO FD/ISDT/2019-03-14
:61:200123C0000000000071,0N216NONREF//BI909096168877-0
:86:/MARF/111111/EREF/800000ABC826222/TRCD/104/RTRN/AC01/ORDP//NAME/R
abobank RCKV/REMI/Voorschot April 2019/CSID/NLRABO0104913552
:62F:C200123EUR000000010962,25
:64:C200123EUR000000010962,25
:65:C200123EUR000000010962,25
:65:C200123EUR000000010962,25
:65:C200123EUR000000010962,25
:65:C200123EUR000000010962,25
:20:940S190314
:25:NL21RABO0123456789 EUR
:28C:16701/1
:60F:C200124EUR000000010962,25
:61:200124D0000000000207,0N216NONREF//BI909096168877-0
:86:/PREF/987602019/TRCD/178/INIT//NAME/RABO FD/ISDT/2019-03-14
:61:200124D0000000000242,0N216NONREF//BI909096168877-0
:86:/PREF/987602019/TRCD/178/INIT//NAME/RABO FD/ISDT/2019-03-14
:62F:C200124EUR000000010513,25
:64:C200124EUR000000010513,25
:65:C200124EUR000000010513,25
:65:C200124EUR000000010513,25
:65:C200124EUR000000010513,25
:65:C200124EUR000000010513,25
:20:940S190314
:25:NL21RABO0123456789 EUR
:28C:16801/1
:60F:C200125EUR000000010513,25
:61:200125C0000000000149,0N216NONREF//BI909096168877-0
:86:/PREF/987602019/TRCD/178/INIT//NAME/RABO FD/ISDT/2019-03-14
:61:200125D0000000000007,0N216NONREF//BI909096168877-0
:86:/PREF/987602019/TRCD/178/INIT//NAME/RABO FD/ISDT/2019-03-14
:62F:C200125EUR000000010655,25
:64:C200125EUR000000010655,25
:65:C200125EUR000000010655,25
:65:C200125EUR000000010655,25
:65:C200125EUR000000010655,25
:65:C200125EUR000000010655,25
:20:940S190314
:25:NL21RABO0123456789 EUR
:28C:16901/1
:60F:C200126EUR000000010655,25
:61:200126C0000000000035,0N216NONREF//BI909096168877-0
:86:/PREF/987602019/TRCD/178/INIT//NAME/RABO FD/ISDT/2019-03-14
:61:200126C0000000000009,0N216NONREF//BI909096168877-0
:86:/PREF/987602019/TRCD/178/INIT//NAME/RABO FD/ISDT/2019-03-14
:62F:C200126EUR000000010699,25
:64:C200126EUR000000010699,25
:65:C200126EUR000000010699,25
:65:C200126EUR000000010699,25
:65:C200126EUR000000010699,25
:65:C200126EUR000000010699,25
:20:940S190314
:25:NL21RABO0123456789 EUR
:28C:17001/1
:60F:C200127EUR000000010699,25
:61:200127C0000000000124,0N216NONREF//BI909096168877-0
:86:/PREF/987602019/TRCD/178/INIT//NAME/RABO FD/ISDT/2019-03-14
:61:200127D0000000000093,0N216NONREF//BI909096168877-0
:86:/PREF/987602019/TRCD/178/INIT//NAME/RABO FD/ISDT/2019-03-14
:62F:C200127EUR000000010730,25
:64:C200127EUR000000010730,25
:65:C200127EUR000000010730,25
:65:C200127EUR000000010730,25
:65:C200127EUR000000010730,25
:65:C200127EUR000000010730,25
:20:940S190314
:25:NL21RABO0123456789 EUR
:28C:17101/1
:60F:C200127EUR000000010730,25
:61:200127D0000000000285,0N216NONREF//BI909096168877-0
:86:/PREF/987602019/TRCD/178/INIT//NAME/RABO FD/ISDT/2019-03-14
:61:200127C0000000000249,0N216NONREF//BI909096168877-0
:86:/PREF/987602019/TRCD/178/INIT//NAME/RABO FD/ISDT/2019-03-14
:62F:C200127EUR000000010694,25
:64:C200127EUR000000010694,25
:65:C200127EUR000000010694,25
:65:C200127EUR000000010694,25
:65:C200127EUR000000010694,25
:65:C200127EUR000000010694,25
:20:940S190314
:25:NL21RABO0123456789 EUR
:28C:17201/1
:60F:C200129EUR000000010694,25
:61:200129D0000000000176,0N216NONREF//BI909096168877-0
:86:/PREF/987602019/TRCD/178/INIT//NAME/RABO FD/ISDT/2019-03-14
:61:200129C0000000000059,0N216NONREF//BI909096168877-0
:86:/PREF/987602019/TRCD/178/INIT//NAME/RABO FD/ISDT/2019-03-14
:62F:C200129EUR000000010577,25
:64:C200129EUR000000010577,25
:65:C200129EUR000000010577,25
:65:C200129EUR000000010577,25
:65:C200129EUR000000010577,25
:65:C200129EUR000000010577,25
:20:940S190314
:25:NL21RABO0123456789 EUR
:28C:17301/1
:60F:C200130EUR000000010577,25
:61:200130C0000000000186,0N216NONREF//BI909096168877-0
:86:/PREF/987602019/TRCD/178/INIT//NAME/RABO FD/ISDT/2019-03-14
:61:200130C0000000000196,0N216NONREF//BI909096168877-0
:86:/PREF/987602019/TRCD/178/INIT//NAME/RABO FD/ISDT/2019-03-14
:62F:C200130EUR000000010959,25
:64:C200130EUR000000010959,25
:65:C200130EUR000000010959,25
:65:C200130EUR000000010959,25
:65:C200130EUR000000010959,25
:65:C200130EUR000000010959,25
:20:940S190314
:25:NL21RABO0123456789 EUR
:28C:17401/1
:60F:C200131EUR000000010959,25
:61:200131D0000000000069,0N216NONREF//BI909096168877-0
:86:/PREF/987602019/TRCD/178/INIT//NAME/RABO FD/ISDT/2019-03-14
:61:200131D0000000000223,0N216NONREF//BI909096168877-0
:86:/PREF/987602019/TRCD/178/INIT//NAME/RABO FD/ISDT/2019-03-14
:62F:C200131EUR000000010667,25
:64:C200131EUR000000010667,25
:65:C200131EUR000000010667,25
:65:C200131EUR000000010667,25
:65:C200131EUR000000010667,25
:65:C200131EUR000000010667,25
:20:940S190314
:25:NL21RABO0123456789 EUR
:28C:17501/1
:60F:C200201EUR000000010667,25
:61:200201C0000000000076,0N216NONREF//BI909096168877-0
:86:/PREF/987602019/TRCD/178/INIT//NAME/RABO FD/ISDT/2019-03-14
:61:200201D0000000000175,0N216NONREF//BI909096168877-0
:86:/PREF/987602019/TRCD/178/INIT//NAME/RABO FD/ISDT/2019-03-14
:62F:C200201EUR000000010568,25
:64:C200201EUR000000010568,25
:65:C200201EUR000000010568,25
:65:C200201EUR000000010568,25
:65:C200201EUR000000010568,25
:65:C200201EUR000000010568,25
:20:940S190314
:25:NL21RABO0123456789 EUR
:28C:17601/1
:60F:C200202EUR000000010568,25
:61:200202C0000000000177,0N216NONREF//BI909096168877-0
:86:/PREF/987602019/TRCD/178/INIT//NAME/RABO FD/ISDT/2019-03-14
:61:200202C0000000000088,0N216NONREF//BI909096168877-0
:86:/PREF/987602019/TRCD/178/INIT//NAME/RABO FD/ISDT/2019-03-14
:62F:C200202EUR000000010833,25
:64:C200202EUR000000010833,25
:65:C200202EUR000000010833,25
:65:C200202EUR000000010833,25
:65:C200202EUR000000010833,25
:65:C200202EUR000000010833,25
:20:940S190314
:25:NL21RABO0123456789 EUR
:28C:17701/1
:60F:C200203EUR000000010833,25
:61:200203C0000000000242,0N216NONREF//BI909096168877-0
:86:/PREF/987602019/TRCD/178/INIT//NAME/RABO FD/ISDT/2019-03-14
:61:200203D0000000000090,0N216NONREF//BI909096168877-0
:86:/MARF/111111/EREF/800000ABC826222/TRCD/104/RTRN/AM05/ORDP//NAME/R
abobank RCKV/REMI/Voorschot April 2019/CSID/NLRABO0104913574
:62F:C200203EUR000000010985,25
:64:C200203EUR000000010985,25
:65:C200203EUR000000010985,25
:65:C200203EUR000000010985,25
:65:C200203EUR000000010985,25
:65:C200203EUR000000010985,25
:20:940S190314
:25:NL21RABO0123456789 EUR
:28C:17801/1
:60F:C200204EUR000000010985,25
:61:200204D0000000000091,0N216NONREF//BI909096168877-0
:86:/PREF/987602019/TRCD/178/INIT//NAME/RABO FD/ISDT/2019-03-14
:61:200204C0000000000172,0N216NONREF//BI909096168877-0
:86:/PREF/987602019/TRCD/178/INIT//NAME/RABO FD/ISDT/2019-03-14
:62F:C200204EUR000000011066,25
:64:C200204EUR000000011066,25
:65:C200204EUR000000011066,25
:65:C200204EUR000000011066,25
:65:C200204EUR000000011066,25
:65:C200204EUR000000011066,25
:20:940S190314
:25:NL21RABO0123456789 EUR
:28C:17901/1
:60F:C200205EUR000000011066,25
:61:200205D0000000000159,0N216NONREF//BI909096168877-0
:86:/PREF/987602019/TRCD/178/INIT//NAME/RABO FD/ISDT/2019-03-14
:61:200205C0000000000069,0N216NONREF//BI909096168877-0
:86:/PREF/987602019/TRCD/178/INIT//NAME/RABO FD/ISDT/2019-03-14
:62F:C200205EUR000000010976,25
:64:C200205EUR000000010976,25
:65:C200205EUR000000010976,25
:65:C200205EUR000000010976,25
:65:C200205EUR000000010976,25
:65:C200205EUR000000010976,25
:20:940S190314
:25:NL21RABO0123456789 EUR
:28C:18001/1
:60F:C200206EUR000000010976,25
:61:200206C0000000000010,0N216NONREF//BI909096168877-0
:86:/PREF/987602019/TRCD/178/INIT//NAME/RABO FD/ISDT/2019-03-14
:61:200206C0000000000294,0N216NONREF//BI909096168877-0
:86:/PREF/987602019/TRCD/178/INIT//NAME/RABO FD/ISDT/2019-03-14
:62F:C200206EUR000000011280,25
:64:C200206EUR000000011280,25
:65:C200206EUR000000011280,25
:65:C200206EUR000000011280,25
:65:C200206EUR000000011280,25
:65:C200206EUR000000011280,25
:20:940S190314
:25:NL21RABO0123456789 EUR
:28C:18101/1
:60F:C200206EUR000000011280,25
:61:200206D0000000000140,0N216NONREF//BI909096168877-0
:86:/PREF/987602019/TRCD/178/INIT//NAME/RABO FD/ISDT/2019-03-14
:61:200206D0000000000189,0N216NONREF//BI909096168877-0
:86:/PREF/987602019/TRCD/178/INIT//NAME/RABO FD/ISDT/2019-03-14
:62F:C200206EUR000000010951,25
:64:C200206EUR000000010951,25
:65:C200206EUR000000010951,25
:65:C200206EUR000000010951,25
:65:C200206EUR000000010951,25
:65:C200206EUR000000010951,25
:20:940S190314
:25:NL21RABO0123456789 EUR
:28C:18201/1
:60F:C200208EUR000000010951,25
:61:200208C0000000000001,0N216NONREF//BI909096168877-0
:86:/PREF/987602019/TRCD/178/INIT//NAME/RABO FD/ISDT/2019-03-14
:61:200208D0000000000150,0N216NONREF//BI909096168877-0
:86:/PREF/987602019/TRCD/178/INIT//NAME/RABO FD/ISDT/2019-03-14
:62F:C200208EUR000000010802,25
:64:C200208EUR000000010802,25
:65:C200208EUR000000010802,25
:65:C200208EUR000000010802,25
:65:C200208EUR000000010802,25
:65:C200208EUR000000010802,25
:20:940S190314
:25:NL21RABO0123456789 EUR
:28C:18301/1
:60F:C200209EUR000000010802,25
:61:200209D0000000000278,0N216NONREF//BI909096168877-0
:86:/PREF/987602019/TRCD/178/INIT//NAME/RABO FD/ISDT/2019-03-14
:61:200209D0000000000270,0N216NONREF//BI909096168877-0
:86:/PREF/987602019/TRCD/178/INIT//NAME/RABO FD/ISDT/2019-03-14
:62F:C200209EUR000000010254,25
:64:C200209EUR000000010254,25
:65:C200209EUR000000010254,25
:65:C200209EUR000000010254,25
:65:C200209EUR000000010254,25
:65:C200209EUR000000010254,25
:20:940S190314
:25:NL21RABO0123456789 EUR
:28C:18401/1
:60F:C200210EUR000000010254,25
:61:200210C0000000000070,0N216NONREF//BI909096168877-0
:86:/PREF/987602019/TRCD/178/INIT//NAME/RABO FD/ISDT/2019-03-14
:61:200210D0000000000240,0N216NONREF//BI909096168877-0
:86:/PREF/987602019/TRCD/178/INIT//NAME/RABO FD/ISDT/2019-03-14
:62F:C200210EUR000000010084,25
:64:C200210EUR000000010084,25
:65:C200210EUR000000010084,25
:65:C200210EUR000000010084,25
:65:C200210EUR000000010084,25
:65:C200210EUR000000010084,25
:20:940S190314
:25:NL21RABO0123456789 EUR
:28C:18501/1
:60F:C200211EUR000000010084,25
:61:200211D0000000000187,0N216NONREF//BI909096168877-0
:86:/PREF/987602019/TRCD/178/INIT//NAME/RABO FD/ISDT/2019-03-14
:61:200211C0000000000074,0N216NONREF//BI909096168877-0
:86:/PREF/987602019/TRCD/178/INIT//NAME/RABO FD/ISDT/2019-03-14
:62F:C200211EUR000000009971,25
:64:C200211EUR000000009971,25
:65:C200211EUR000000009971,25
:65:C200211EUR000000009971,25
:65:C200211EUR000000009971,25
:65:C200211EUR000000009971,25
:20:940S190314
:25:NL21RABO0123456789 EUR
:28C:18601/1
:60F:C200212EUR000000009971,25
:61:200212D0000000000198,0N216NONREF//BI909096168877-0
:86:/PREF/987602019/TRCD/178/INIT//NAME/RABO FD/ISDT/2019-03-14
:61:200212C0000000000206,0N216NONREF//BI909096168877-0
:86:/PREF/987602019/TRCD/178/INIT//NAME/RABO FD/ISDT/2019-03-14
:62F:C200212EUR000000009979,25
:64:C200212EUR000000009979,25
:65:C200212EUR000000009979,25
:65:C200212EUR000000009979,25
:65:C200212EUR000000009979,25
:65:C200212EUR000000009979,25
:20:940S190314
:25:NL21RABO0123456789 EUR
:28C:18701/1
:60F:C200213EUR000000009979,25
:61:200213C0000000000242,0N216NONREF//BI909096168877-0
:86:/PREF/987602019/TRCD/178/INIT//NAME/RABO FD/ISDT/2019-03-14
:61:200213C0000000000029,0N216NONREF//BI909096168877-0
:86:/PREF/987602019/TRCD/178/INIT//NAME/RABO FD/ISDT/2019-03-14
:62F:C200213EUR000000010250,25
:64:C200213EUR000000010250,25
:65:C200213EUR000000010250,25
:65:C200213EUR000000010250,25
:65:C200213EUR000000010250,25
:65:C200213EUR000000010250,25
:20:940S190314
:25:NL21RABO0123456789 EUR
:28C:18801/1
:60F:C200213EUR000000010250,25
:61:200213D0000000000023,0N216NONREF//BI909096168877-0
:86:/PREF/987602019/TRCD/178/INIT//NAME/RABO FD/ISDT/2019-03-14
:61:200213D0000000000123,0N216NONREF//BI909096168877-0
:86:/PREF/987602019/TRCD/178/INIT//NAME/RABO FD/ISDT/2019-03-14
:62F:C200213EUR000000010104,25
:64:C200213EUR000000010104,25
:65:C200213EUR000000010104,25
:65:C200213EUR000000010104,25
:65:C200213EUR000000010104,25
:65:C200213EUR000000010104,25
:20:940S190314
:25:NL21RABO0123456789 EUR
:28C:18901/1
:60F:C200213EUR000000010104,25
:61:200213C0000000000057,0N216NONREF//BI909096168877-0
:86:/PREF/987602019/TRCD/178/INIT//NAME/RABO FD/ISDT/2019-03-14
:61:200213D0000000000083,0N216NONREF//BI909096168877-0
:86:/PREF/987602019/TRCD/178/INIT//NAME/RABO FD/ISDT/2019-03-14
:62F:C200213EUR000000010078,25
:64:C200213EUR000000010078,25
:65:C200213EUR000000010078,25
:65:C200213EUR000000010078,25
:65:C200213EUR000000010078,25
:65:C200213EUR000000010078,25
:20:940S190314
:25:NL21RABO0123456789 EUR
:28C:19001/1
:60F:C200213EUR000000010078,25
:61:200213C0000000000116,0N216NONREF//BI909096168877-0
:86:/PREF/987602019/TRCD/178/INIT//NAME/RABO FD/ISDT/2019-03-14
:61:200213C0000000000049,0N216NONREF//BI909096168877-0
:86:/PREF/987602019/TRCD/178/INIT//NAME/RABO FD/ISDT/2019-03-14
:62F:C200213EUR000000010243,25
:64:C200213EUR000000010243,25
:65:C200213EUR000000010243,25
:65:C200213EUR000000010243,25
:65:C200213EUR000000010243,25
:65:C200213EUR000000010243,25
:20:940S190314
:25:NL21RABO0123456789 EUR
:28C:19101/1
:60F:C200217EUR000000010243,25
:61:200217C0000000000194,0N216NONREF//BI909096168877-0
:86:/MARF/111111/EREF/800000ABC826222/TRCD/104/RTRN/AM04/ORDP//NAME/R
abobank RCKV/REMI/Voorschot April 2019/CSID/NLRABO0104913401
:61:200217D0000000000062,0N216NONREF//BI909096168877-0
:86:/PREF/987602019/TRCD/178/INIT//NAME/RABO FD/ISDT/2019-03-14
:62F:C200217EUR000000010375,25
:64:C200217EUR000000010375,25
:65:C200217EUR000000010375,25
:65:C200217EUR000000010375,25
:65:C200217EUR000000010375,25
:65:C200217EUR000000010375,25
:20:940S190314
:25:NL21RABO0123456789 EUR
:28C:19201/1
:60F:C200218EUR000000010375,25
:61:200218D0000000000200,0N216NONREF//BI909096168877-0
:86:/PREF/987602019/TRCD/178/INIT//NAME/RABO FD/ISDT/2019-03-14
:61:200218C0000000000125,0N216NONREF//BI909096168877-0
:86:/PREF/987602019/TRCD/178/INIT//NAME/RABO FD/ISDT/2019-03-14
:62F:C200218EUR000000010300,25
:64:C200218EUR000000010300,25
:65:C200218EUR000000010300,25
:65:C200218EUR000000010300,25
:65:C200218EUR000000010300,25
:65:C200218EUR000000010300,25
:20:940S190314
:25:NL21RABO0123456789 EUR
:28C:19301/1
:60F:C200219EUR000000010300,25
:61:200219D0000000000279,0N216NONREF//BI909096168877-0
:86:/PREF/987602019/TRCD/178/INIT//NAME/RABO FD/ISDT/2019-03-14
:61:200219C0000000000198,0N216NONREF//BI909096168877-0
:86:/PREF/987602019/TRCD/178/INIT//NAME/RABO FD/ISDT/2019-03-14
:62F:C200219EUR000000010219,25
:64:C200219EUR000000010219,25
:65:C200219EUR000000010219,25
:65:C200219EUR000000010219,25
:65:C200219EUR000000010219,25
:65:C200219EUR000000010219,25
:20:940S190314
:25:NL21RABO0123456789 EUR
:28C:19401/1
:60F:C200220EUR000000010219,25
:61:200220C0000000000204,0N216NONREF//BI909096168877-0
:86:/PREF/987602019/TRCD/178/INIT//NAME/RABO FD/ISDT/2019-03-14
:61:200220C0000000000269,0N216NONREF//BI909096168877-0
:86:/PREF/987602019/TRCD/178/INIT//NAME/RABO FD/ISDT/2019-03-14
:62F:C200220EUR000000010692,25
:64:C200220EUR000000010692,25
:65:C200220EUR000000010692,25
:65:C200220EUR000000010692,25
:65:C200220EUR000000010692,25
:65:C200220EUR000000010692,25
:20:940S190314
:25:NL21RABO0123456789 EUR
:28C:19501/1
:60F:C200221EUR000000010692,25
:61:200221D0000000000065,0N216NONREF//BI909096168877-0
:86:/PREF/987602019/TRCD/178/INIT//NAME/RABO FD/ISDT/2019-03-14
:61:200221D0000000000199,0N216NONREF//BI909096168877-0
:86:/PREF/987602019/TRCD/178/INIT//NAME/RABO FD/ISDT/2019-03-14
:62F:C200221EUR000000010428,25
:64:C200221EUR000000010428,25
:65:C200221EUR000000010428,25
:65:C200221EUR000000010428,25
:65:C200221EUR000000010428,25
:65:C200221EUR000000010428,25
:20:940S190314
:25:NL21RABO0123456789 EUR
:28C:19601/1
:60F:C200222EUR000000010428,25
:61:200222D0000000000120,0N216NONREF//BI909096168877-0
:86:/PREF/987602019/TRCD/178/INIT//NAME/RABO FD/ISDT/2019-03-14
:61:200222D0000000000003,0N216NONREF//BI909096168877-0
:86:/PREF/987602019/TRCD/178/INIT//NAME/RABO FD/ISDT/2019-03-14
:62F:C200222EUR000000010305,25
:64:C200222EUR000000010305,25
:65:C200222EUR000000010305,25
:65:C200222EUR000000010305,25
:65:C200222EUR000000010305,25
:65:C200222EUR000000010305,25
:20:940S190314
:25:NL21RABO0123456789 EUR
:28C:19701/1
:60F:C200223EUR000000010305,25
:61:200223C0000000000097,0N216NONREF//BI909096168877-0
:86:/PREF/987602019/TRCD/178/INIT//NAME/RABO FD/ISDT/2019-03-14
:61:200223D0000000000288,0N216NONREF//BI909096168877-0
:86:/PREF/987602019/TRCD/178/INIT//NAME/RABO FD/ISDT/2019-03-14
:62F:C200223EUR000000010114,25
:64:C200223EUR000000010114,25
:65:C200223EUR000000010114,25
:65:C200223EUR000000010114,25
:65:C200223EUR000000010114,25
:65:C200223EUR000000010114,25
:20:940S190314
:25:NL21RABO0123456789 EUR
:28C:19801/1
:60F:C200224EUR000000010114,25
:61:200224D0000000000209,0N216NONREF//BI909096168877-0
:86:/PREF/987602019/TRCD/178/INIT//NAME/RABO FD/ISDT/2019-03-14
:61:200224D0000000000114,0N216NONREF//BI909096168877-0
:86:/PREF/987602019/TRCD/178/INIT//NAME/RABO FD/ISDT/2019-03-14
:62F:C200224EUR000000009791,25
:64:C200224EUR000000009791,25
:65:C200224EUR000000009791,25
:65:C200224EUR000000009791,25
:65:C200224EUR000000009791,25
:65:C200224EUR000000009791,25
:20:940S190314
:25:NL21RABO0123456789 EUR
:28C:19901/1
:60F:C200225EUR000000009791,25
:61:200225D0000000000171,0N216NONREF//BI909096168877-0
:86:/PREF/987602019/TRCD/178/INIT//NAME/RABO FD/ISDT/2019-03-14
:61:200225C0000000000244,0N216NONREF//BI909096168877-0
:86:/PREF/987602019/TRCD/178/INIT//NAME/RABO FD/ISDT/2019-03-14
:62F:C200225EUR000000009864,25
:64:C200225EUR000000009864,25
:65:C200225EUR000000009864,25
:65:C200225EUR000000009864,25
:65:C200225EUR000000009864,25
:65:C200225EUR000000009864,25
:20:940S190314
:25:NL21RABO0123456789 EUR
:28C:20001/1
:60F:C200226EUR000000009864,25
:61:200226D0000000000265,0N216NONREF//BI909096168877-0
:86:/PREF/987602019/TRCD/178/INIT//NAME/RABO FD/ISDT/2019-03-14
:61:200226C0000000000209,0N216NONREF//BI909096168877-0
:86:/PREF/987602019/TRCD/178/INIT//NAME/RABO FD/ISDT/2019-03-14
:62F:C200226EUR000000009808,25
:64:C200226EUR000000009808,25
:65:C200226EUR000000009808,25
:65:C200226EUR000000009808,25
:65:C200226EUR000000009808,25
:65:C200226EUR000000009808,25
:20:940S190314
:25:NL21RABO0123456789 EUR
:28C:20101/1
:60F:C200227EUR000000009808,25
:61:200227C0000000000284,0N216NONREF//BI909096168877-0
:86:/PREF/987602019/TRCD/178/INIT//NAME/RABO FD/ISDT/2019-03-14
:61:200227C0000000000208,0N216NONREF//BI909096168877-0
:86:/PREF/987602019/TRCD/178/INIT//NAME/RABO FD/ISDT/2019-03-14
:62F:C200227EUR000000010300,25
:64:C200227EUR000000010300,25
:65:C200227EUR000000010300,25
:65:C200227EUR000000010300,25
:65:C200227EUR000000010300,25
:65:C200227EUR000000010300,25
:20:940S190314
:25:NL21RABO0123456789 EUR
:28C:20201/1
:60F:C200228EUR000000010300,25
:61:200228D0000000000027,0N216NONREF//BI909096168877-0
:86:/PREF/987602019/TRCD/178/INIT//NAME/RABO FD/ISDT/2019-03-14
:61:200228D0000000000126,0N216NONREF//BI909096168877-0
:86:/PREF/987602019/TRCD/178/INIT//NAME/RABO FD/ISDT/2019-03-14
:62F:C200228EUR000000010147,25
:64:C200228EUR000000010147,25
:65:C200228EUR000000010147,25
:65:C200228EUR000000010147,25
:65:C200228EUR000000010147,25
:65:C200228EUR000000010147,25
:20:940S190314
:25:NL21RABO0123456789 EUR
:28C:20301/1
:60F:C200229EUR000000010147,25
:61:200229C0000000000209,0N216NONREF//BI909096168877-0
:86:/PREF/987602019/TRCD/178/INIT//NAME/RABO FD/ISDT/2019-03-14
:61:200229D0000000000201,0N216NONREF//BI909096168877-0
:86:/PREF/987602019/TRCD/178/INIT//NAME/RABO FD/ISDT/2019-03-14
:62F:C200229EUR000000010155,25
:64:C200229EUR000000010155,25
:65:C200229EUR000000010155,25
:65:C200229EUR000000010155,25
:65:C200229EUR000000010155,25
:65:C200229EUR000000010155,25
:20:940S190314
:25:NL21RABO0123456789 EUR
:28C:20401/1
:60F:C200301EUR000000010155,25
:61:200301C0000000000111,0N216NONREF//BI909096168877-0
:86:/PREF/987602019/TRCD/178/INIT//NAME/RABO FD/ISDT/2019-03-14
:61:200301C0000000000072,0N216NONREF//BI909096168877-0
:86:/PREF/987602019/TRCD/178/INIT//NAME/RABO FD/ISDT/2019-03-14
:62F:C200301EUR000000010338,25
:64:C200301EUR000000010338,25
:65:C200301EUR000000010338,25
:65:C200301EUR000000010338,25
:65:C200301EUR000000010338,25
:65:C200301EUR000000010338,25
:20:940S190314
:25:NL21RABO0123456789 EUR
:28C:20501/1
:60F:C200302EUR000000010338,25
:61:200302C0000000000162,0N216NONREF//BI909096168877-0
:86:/PREF/987602019/TRCD/178/INIT//NAME/RABO FD/ISDT/2019-03-14
:61:200302D0000000000121,0N216NONREF//BI909096168877-0
:86:/PREF/987602019/TRCD/178/INIT//NAME/RABO FD/ISDT/2019-03-14
:62F:C200302EUR000000010379,25
:64:C200302EUR000000010379,25
:65:C200302EUR000000010379,25
:65:C200302EUR000000010379,25
:65:C200302EUR000000010379,25
:65:C200302EUR000000010379,25
:20:940S190314
:25:NL21RABO0123456789 EUR
:28C:20601/1
:60F:C200303EUR000000010379,25
:61:200303D0000000000173,0N216NONREF//BI909096168877-0
:86:/PREF/987602019/TRCD/178/INIT//NAME/RABO FD/ISDT/2019-03-14
:61:200303C0000000000146,0N216NONREF//BI909096168877-0
:86:/PREF/987602019/TRCD/178/INIT//NAME/RABO FD/ISDT/2019-03-14
:62F:C200303EUR000000010352,25
:64:C200303EUR000000010352,25
:65:C200303EUR000000010352,25
:65:C200303EUR000000010352,25
:65:C200303EUR000000010352,25
:65:C200303EUR000000010352,25
:20:940S190314
:25:NL21RABO0123456789 EUR
:28C:20701/1
:60F:C200304EUR000000010352,25
:61:200304D0000000000090,0N216NONREF//BI909096168877-0
:86:/PREF/987602019/TRCD/178/INIT//NAME/RABO FD/ISDT/2019-03-14
:61:200304C0000000000290,0N216NONREF//BI909096168877-0
:86:/PREF/987602019/TRCD/178/INIT//NAME/RABO FD/ISDT/2019-03-14
:62F:C200304EUR000000010552,25
:64:C200304EUR000000010552,25
:65:C200304EUR000000010552,25
:65:C200304EUR000000010552,25
:65:C200304EUR000000010552,25
:65:C200304EUR000000010552,25
:20:940S190314
:25:NL21RABO0123456789 EUR
:28C:20801/1
:60F:C200305EUR000000010552,25
:61:200305C0000000000083,0N216NONREF//BI909096168877-0
:86:/PREF/987602019/TRCD/178/INIT//NAME/RABO FD/ISDT/2019-03-14
:61:200305C0000000000027,0N216NONREF//BI909096168877-0
:86:/PREF/987602019/TRCD/178/INIT//NAME/RABO FD/ISDT/2019-03-14
:62F:C200305EUR000000010662,25
:64:C200305EUR000000010662,25
:65:C200305EUR000000010662,25
:65:C200305EUR000000010662,25
:65:C200305EUR000000010662,25
:65:C200305EUR000000010662,25
:20:940S190314
:25:NL21RABO0123456789 EUR
:28C:20901/1
:60F:C200306EUR000000010662,25
:61:200306D0000000000251,0N216NONREF//BI909096168877-0
:86:/PREF/987602019/TRCD/178/INIT//NAME/RABO FD/ISDT/2019-03-14
:61:200306D0000000000230,0N216NONREF//BI909096168877-0
:86:/PREF/987602019/TRCD/178/INIT//NAME/RABO FD/ISDT/2019-03-14
:62F:C200306EUR000000010181,25
:64:C200306EUR000000010181,25
:65:C200306EUR000000010181,25
:65:C200306EUR000000010181,25
:65:C200306EUR000000010181,25
:65:C200306EUR000000010181,25
:20:940S190314
:25:NL21RABO0123456789 EUR
:28C:21001/1
:60F:C200307EUR000000010181,25
:61:200307C0000000000074,0N216NONREF//BI909096168877-0
:86:/PREF/987602019/TRCD/178/INIT//NAME/RABO FD/ISDT/2019-03-14
:61:200307D0000000000177,0N216NONREF//BI909096168877-0
:86:/PREF/987602019/TRCD/178/INIT//NAME/RABO FD/ISDT/2019-03-14
:62F:C200307EUR000000010078,25
:64:C200307EUR000000010078,25
:65:C200307EUR000000010078,25
:65:C200307EUR000000010078,25
:65:C200307EUR000000010078,25
:65:C200307EUR000000010078,25
:20:940S190314
:25:NL21RABO0123456789 EUR
:28C:21101/1
:60F:C200307EUR000000010078,25
:61:200307C0000000000249,0N216NONREF//BI909096168877-0
:86:/PREF/987602019/TRCD/178/INIT//NAME/RABO FD/ISDT/2019-03-14
:61:200307C0000000000240,0N216NONREF//BI909096168877-0
:86:/PREF/987602019/TRCD/178/INIT//NAME/RABO FD/ISDT/2019-03-14
:62F:C200307EUR000000010567,25
:64:C200307EUR000000010567,25
:65:C200307EUR000000010567,25
:65:C200307EUR000000010567,25
:65:C200307EUR000000010567,25
:65:C200307EUR000000010567,25
:20:940S190314
:25:NL21RABO0123456789 EUR
:28C:21201/1
:60F:C200309EUR000000010567,25
:61:200309C0000000000260,0N216NONREF//BI909096168877-0
:86:/PREF/987602019/TRCD/178/INIT//NAME/RABO FD/ISDT/2019-03-14
:61:200309D0000000000028,0N216NONREF//BI909096168877-0
:86:/PREF/987602019/TRCD/178/INIT//NAME/RABO FD/ISDT/2019-03-14
:62F:C200309EUR000000010799,25
:64:C200309EUR000000010799,25
:65:C200309EUR000000010799,25
:65:C200309EUR000000010799,25
:65:C200309EUR000000010799,25
:65:C200309EUR000000010799,25
:20:940S190314
:25:NL21RABO0123456789 EUR
:28C:21301/1
:60F:C200310EUR000000010799,25
:61:200310D0000000000040,0N216NONREF//BI909096168877-0
:86:/PREF/987602019/TRCD/178/INIT//NAME/RABO FD/ISDT/2019-03-14
:61:200310C0000000000291,0N216NONREF//BI909096168877-0
:86:/PREF/987602019/TRCD/178/INIT//NAME/RABO FD/ISDT/2019-03-14
:62F:C200310EUR000000011050,25
:64:C200310EUR000000011050,25
:65:C200310EUR000000011050,25
:65:C200310EUR000000011050,25
:65:C200310EUR000000011050,25
:65:C200310EUR000000011050,25
:20:940S190314
:25:NL21RABO0123456789 EUR
:28C:21401/1
:60F:C200311EUR000000011050,25
:61:200311D0000000000136,0N216NONREF//BI909096168877-0
:86:/PREF/987602019/TRCD/178/INIT//NAME/RABO FD/ISDT/2019-03-14
:61:200311C0000000000098,0N216NONREF//BI909096168877-0
:86:/PREF/987602019/TRCD/178/INIT//NAME/RABO FD/ISDT/2019-03-14
:62F:C200311EUR000000011012,25
:64:C200311EUR000000011012,25
:65:C200311EUR000000011012,25
:65:C200311EUR000000011012,25
:65:C200311EUR000000011012,25
:65:C200311EUR000000011012,25
:20:940S190314
:25:NL21RABO0123456789 EUR
:28C:21501/1
:60F:C200312EUR000000011012,25
:61:200312C0000000000158,0N216NONREF//BI909096168877-0
:86:/PREF/987602019/TRCD/178/INIT//NAME/RABO FD/ISDT/2019-03-14
:61:200312C0000000000055,0N216NONREF//BI909096168877-0
:86:/PREF/987602019/TRCD/178/INIT//NAME/RABO FD/ISDT/2019-03-14
:62F:C200312EUR000000011225,25
:64:C200312EUR000000011225,25
:65:C200312EUR000000011225,25
:65:C200312EUR000000011225,25
:65:C200312EUR000000011225,25
:65:C200312EUR000000011225,25
:20:940S190314
:25:NL21RABO0123456789 EUR
:28C:21601/1
:60F:C200313EUR000000011225,25
:61:200313D0000000000192,0N216NONREF//BI909096168877-0
:86:/PREF/987602019/TRCD/178/INIT//NAME/RABO FD/ISDT/2019-03-14
:61:200313D0000000000028,0N216NONREF//BI909096168877-0
:86:/PREF/987602019/TRCD/178/INIT//NAME/RABO FD/ISDT/2019-03-14
:62F:C200313EUR000000011005,25
:64:C200313EUR000000011005,25
:65:C200313EUR000000011005,25
:65:C200313EUR000000011005,25
:65:C200313EUR000000011005,25
:65:C200313EUR000000011005,25
:20:940S190314
:25:NL21RABO0123456789 EUR
:28C:21701/1
:60F:C200313EUR000000011005,25
:61:200313C0000000000297,0N216NONREF//BI909096168877-0
:86:/PREF/987602019/TRCD/178/INIT//NAME/RABO FD/ISDT/2019-03-14
:61:200313D0000000000116,0N216NONREF//BI909096168877-0
:86:/PREF/987602019/TRCD/178/INIT//NAME/RABO FD/ISDT/2019-03-14
:62F:C200313EUR000000011186,25
:64:C200313EUR000000011186,25
:65:C200313EUR000000011186,25
:65:C200313EUR000000011186,25
:65:C200313EUR000000011186,25
:65:C200313EUR000000011186,25
:20:940S190314
:25:NL21RABO0123456789 EUR
:28C:21801/1
:60F:C200313EUR000000011186,25
:61:200313C0000000000161,0N216NONREF//BI909096168877-0
:86:/PREF/987602019/TRCD/178/INIT//NAME/RABO FD/ISDT/2019-03-14
:61:200313D0000000000108,0N216NONREF//BI909096168877-0
:86:/PREF/987602019/TRCD/178/INIT//NAME/RABO FD/ISDT/2019-03-14
:62F:C200313EUR000000011239,25
:64:C200313EUR000000011239,25
:65:C200313EUR000000011239,25
:65:C200313EUR000000011239,25
:65:C200313EUR000000011239,25
:65:C200313EUR000000011239,25
:20:940S190314
:25:NL21RABO0123456789 EUR
:28C:21901/1
:60F:C200313EUR000000011239,25
:61:200313D0000000000242,0N216NONREF//BI909096168877-0
:86:/PREF/987602019/TRCD/178/INIT//NAME/RABO FD/ISDT/2019-03-14
:61:200313D0000000000127,0N216NONREF//BI909096168877-0
:86:/PREF/987602019/TRCD/178/INIT//NAME/RABO FD/ISDT/2019-03-14
:62F:C200313EUR000000010870,25
:64:C200313EUR000000010870,25
:65:C200313EUR000000010870,25
:65:C200313EUR000000010870,25
:65:C200313EUR000000010870,25
:65:C200313EUR000000010870,25
:20:940S190314
:25:NL21RABO0123456789 EUR
:28C:22001/1
:60F:C200317EUR000000010870,25
:61:200317D0000000000122,0N216NONREF//BI909096168877-0
:86:/PREF/987602019/TRCD/178/INIT//NAME/RABO FD/ISDT/2019-03-14
:61:200317C0000000000230,0N216NONREF//BI909096168877-0
:86:/PREF/987602019/TRCD/178/INIT//NAME/RABO FD/ISDT/2019-03-14
:62F:C200317EUR000000010978,25
:64:C200317EUR000000010978,25
:65:C200317EUR000000010978,25
:65:C200317EUR000000010978,25
:65:C200317EUR000000010978,25
:65:C200317EUR000000010978,25
:20:940S190314
:25:NL21RABO0123456789 EUR
:28C:22101/1
:60F:C200318EUR000000010978,25
:61:200318D0000000000207,0N216NONREF//BI909096168877-0
:86:/PREF/987602019/TRCD/178/INIT//NAME/RABO FD/ISDT/2019-03-14
:61:200318C0000000000282,0N216NONREF//BI909096168877-0
:86:/PREF/987602019/TRCD/178/INIT//NAME/RABO FD/ISDT/2019-03-14
:62F:C200318EUR000000011053,25
:64:C200318EUR000000011053,25
:65:C200318EUR000000011053,25
:65:C200318EUR000000011053,25
:65:C200318EUR000000011053,25
:65:C200318EUR000000011053,25
:20:940S190314
:25:NL21RABO0123456789 EUR
:28C:22201/1
:60F:C200319EUR000000011053,25
:61:200319C0000000000167,0N216NONREF//BI909096168877-0
:86:/PREF/987602019/TRCD/178/INIT//NAME/RABO FD/ISDT/2019-03-14
:61:200319C0000000000140,0N216NONREF//BI909096168877-0
:86:/PREF/987602019/TRCD/178/INIT//NAME/RABO FD/ISDT/2019-03-14
:62F:C200319EUR000000011360,25
:64:C200319EUR000000011360,25
:65:C200319EUR000000011360,25
:65:C200319EUR000000011360,25
:65:C200319EUR000000011360,25
:65:C200319EUR000000011360,25
:20:940S190314
:25:NL21RABO0123456789 EUR
:28C:22301/1
:60F:C200320EUR000000011360,25
:61:200320D0000000000070,0N216NONREF//BI909096168877-0
:86:/PREF/987602019/TRCD/178/INIT//NAME/RABO FD/ISDT/2019-03-14
:61:200320D0000000000165,0N216NONREF//BI909096168877-0
:86:/PREF/987602019/TRCD/178/INIT//NAME/RABO FD/ISDT/2019-03-14
:62F:C200320EUR000000011125,25
:64:C200320EUR000000011125,25
:65:C200320EUR000000011125,25
:65:C200320EUR000000011125,25
:65:C200320EUR000000011125,25
:65:C200320EUR000000011125,25
:20:940S190314
:25:NL21RABO0123456789 EUR
:28C:22401/1
:60F:C200320EUR000000011125,25
:61:200320C0000000000205,0N216NONREF//BI909096168877-0
:86:/MARF/111111/EREF/800000ABC826222/TRCD/104/RTRN/RR01/ORDP//NAME/R
abobank RCKV/REMI/Voorschot April 2019/CSID/NLRABO0104913467
:61:200320D0000000000257,0N216NONREF//BI909096168877-0
:86:/PREF/987602019/TRCD/178/INIT//NAME/RABO FD/ISDT/2019-03-14
:62F:C200320EUR000000011073,25
:64:C200320EUR000000011073,25
:65:C200320EUR000000011073,25
:65:C200320EUR000000011073,25
:65:C200320EUR000000011073,25
:65:C200320EUR000000011073,25
:20:940S190314
:25:NL21RABO0123456789 EUR
:28C:22501/1
:60F:C200320EUR000000011073,25
:61:200320D0000000000136,0N216NONREF//BI909096168877-0
:86:/PREF/987602019/TRCD/178/INIT//NAME/RABO FD/ISDT/2019-03-14
:61:200320C0000000000097,0N216NONREF//BI909096168877-0
:86:/PREF/987602019/TRCD/178/INIT//NAME/RABO FD/ISDT/2019-03-14
:62F:C200320EUR000000011034,25
:64:C200320EUR000000011034,25
:65:C200320EUR000000011034,25
:65:C200320EUR000000011034,25
:65:C200320EUR000000011034,25
:65:C200320EUR000000011034,25
:20:940S190314
:25:NL21RABO0123456789 EUR
:28C:22601/1
:60F:C200320EUR000000011034,25
:61:200320D0000000000184,0N216NONREF//BI909096168877-0
:86:/PREF/987602019/TRCD/178/INIT//NAME/RABO FD/ISDT/2019-03-14
:61:200320D0000000000255,0N216NONREF//BI909096168877-0
:86:/PREF/987602019/TRCD/178/INIT//NAME/RABO FD/ISDT/2019-03-14
:62F:C200320EUR000000010595,25
:64:C200320EUR000000010595,25
:65:C200320EUR000000010595,25
:65:C200320EUR000000010595,25
:65:C200320EUR000000010595,25
:65:C200320EUR000000010595,25
:20:940S190314
:25:NL21RABO0123456789 EUR
:28C:22701/1
:60F:C200320EUR000000010595,25
:61:200320D0000000000250,0N216NONREF//BI909096168877-0
:86:/PREF/987602019/TRCD/178/INIT//NAME/RABO FD/ISDT/2019-03-14
:61:200320C0000000000111,0N216NONREF//BI909096168877-0
:86:/PREF/987602019/TRCD/178/INIT//NAME/RABO FD/ISDT/2019-03-14
:62F:C200320EUR000000010456,25
:64:C200320EUR000000010456,25
:65:C200320EUR000000010456,25
:65:C200320EUR000000010456,25
:65:C200320EUR000000010456,25
:65:C200320EUR000000010456,25
:20:940S190314
:25:NL21RABO0123456789 EUR
:28C:22801/1
:60F:C200325EUR000000010456,25
:61:200325D0000000000182,0N216NONREF//BI909096168877-0
:86:/PREF/987602019/TRCD/178/INIT//NAME/RABO FD/ISDT/2019-03-14
:61:200325C0000000000174,0N216NONREF//BI909096168877-0
:86:/PREF/987602019/TRCD/178/INIT//NAME/RABO FD/ISDT/2019-03-14
:62F:C200325EUR000000010448,25
:64:C200325EUR000000010448,25
:65:C200325EUR000000010448,25
:65:C200325EUR000000010448,25
:65:C200325EUR000000010448,25
:65:C200325EUR000000010448,25
:20:940S190314
:25:NL21RABO0123456789 EUR
:28C:22901/1
:60F:C200326EUR000000010448,25
:61:200326C0000000000034,0N216NONREF//BI909096168877-0
:86:/PREF/987602019/TRCD/178/INIT//NAME/RABO FD/ISDT/2019-03-14
:61:200326C0000000000171,0N216NONREF//BI909096168877-0
:86:/PREF/987602019/TRCD/178/INIT//NAME/RABO FD/ISDT/2019-03-14
:62F:C200326EUR000000010653,25
:64:C200326EUR000000010653,25
:65:C200326EUR000000010653,25
:65:C200326EUR000000010653,25
:65:C200326EUR000000010653,25
:65:C200326EUR000000010653,25
:20:940S190314
:25:NL21RABO0123456789 EUR
:28C:23001/1
:60F:C200326EUR000000010653,25
:61:200326D0000000000249,0N216NONREF//BI909096168877-0
:86:/PREF/987602019/TRCD/178/INIT//NAME/RABO FD/ISDT/2019-03-14
:61:200326D0000000000078,0N216NONREF//BI909096168877-0
:86:/PREF/987602019/TRCD/178/INIT//NAME/RABO FD/ISDT/2019-03-14
:62F:C200326EUR000000010326,25
:64:C200326EUR000000010326,25
:65:C200326EUR000000010326,25
:65:C200326EUR000000010326,25
:65:C200326EUR000000010326,25
:65:C200326EUR000000010326,25
:20:940S190314
:25:NL21RABO0123456789 EUR
:28C:23101/1
:60F:C200326EUR000000010326,25
:61:200326C0000000000281,0N216NONREF//BI909096168877-0
:86:/PREF/987602019/TRCD/178/INIT//NAME/RABO FD/ISDT/2019-03-14
:61:200326D0000000000027,0N216NONREF//BI909096168877-0
:86:/PREF/987602019/TRCD/178/INIT//NAME/RABO FD/ISDT/2019-03-14
:62F:C200326EUR000000010580,25
:64:C200326EUR000000010580,25
:65:C200326EUR000000010580,25
:65:C200326EUR000000010580,25
:65:C200326EUR000000010580,25
:65:C200326EUR000000010580,25
:20:940S190314
:25:NL21RABO0123456789 EUR
:28C:23201/1
:60F:C200326EUR000000010580,25
:61:200326C0000000000203,0N216NONREF//BI909096168877-0
:86:/PREF/987602019/TRCD/178/INIT//NAME/RABO FD/ISDT/2019-03-14
:61:200326C0000000000031,0N216NONREF//BI909096168877-0
:86:/PREF/987602019/TRCD/178/INIT//NAME/RABO FD/ISDT/2019-03-14
:62F:C200326EUR000000010814,25
:64:C200326EUR000000010814,25
:65:C200326EUR000000010814,25
:65:C200326EUR000000010814,25
:65:C200326EUR000000010814,25
:65:C200326EUR000000010814,25
:20:940S190314
:25:NL21RABO0123456789 EUR
:28C:23301/1
:60F:C200326EUR000000010814,25
:61:200326C0000000000023,0N216NONREF//BI909096168877-0
:86:/PREF/987602019/TRCD/178/INIT//NAME/RABO FD/ISDT/2019-03-14
:61:200326D0000000000078,0N216NONREF//BI909096168877-0
:86:/PREF/987602019/TRCD/178/INIT//NAME/RABO FD/ISDT/2019-03-14
:62F:C200326EUR000000010759,25
:64:C200326EUR000000010759,25
:65:C200326EUR000000010759,25
:65:C200326EUR000000010759,25
:65:C200326EUR000000010759,25
:65:C200326EUR000000010759,25
:20:940S190314
:25:NL21RABO0123456789 EUR
:28C:23401/1
:60F:C200326EUR000000010759,25
:61:200326D0000000000099,0N216NONREF//BI909096168877-0
:86:/PREF/987602019/TRCD/178/INIT//NAME/RABO FD/ISDT/2019-03-14
:61:200326C0000000000150,0N216NONREF//BI909096168877-0
:86:/PREF/987602019/TRCD/178/INIT//NAME/RABO FD/ISDT/2019-03-14
:62F:C200326EUR000000010810,25
:64:C200326EUR000000010810,25
:65:C200326EUR000000010810,25
:65:C200326EUR000000010810,25
:65:C200326EUR000000010810,25
:65:C200326EUR000000010810,25
:20:940S190314
:25:NL21RABO0123456789 EUR
:28C:23501/1
:60F:C200401EUR000000010810,25
:61:200401C0000000000282,0N216NONREF//BI909096168877-0
:86:/PREF/987602019/TRCD/178/INIT//NAME/RABO FD/ISDT/2019-03-14
:61:200401C0000000000167,0N216NONREF//BI909096168877-0
:86:/PREF/987602019/TRCD/178/INIT//NAME/RABO FD/ISDT/2019-03-14
:62F:C200401EUR000000011259,25
:64:C200401EUR000000011259,25
:65:C200401EUR000000011259,25
:65:C200401EUR000000011259,25
:65:C200401EUR000000011259,25
:65:C200401EUR000000011259,25
:20:940S190314
:25:NL21RABO0123456789 EUR
:28C:23601/1
:60F:C200402EUR000000011259,25
:61:200402C0000000000140,0N216NONREF//BI909096168877-0
:86:/PREF/987602019/TRCD/178/INIT//NAME/RABO FD/ISDT/2019-03-14
:61:200402D0000000000070,0N216NONREF//BI909096168877-0
:86:/PREF/987602019/TRCD/178/INIT//NAME/RABO FD/ISDT/2019-03-14
:62F:C200402EUR000000011329,25
:64:C200402EUR000000011329,25
:65:C200402EUR000000011329,25
:65:C200402EUR000000011329,25
:65:C200402EUR000000011329,25
:65:C200402EUR000000011329,25
:20:940S190314
:25:NL21RABO0123456789 EUR
:28C:23701/1
:60F:C200403EUR000000011329,25
:61:200403C0000000000165,0N216NONREF//BI909096168877-0
:86:/PREF/987602019/TRCD/178/INIT//NAME/RABO FD/ISDT/2019-03-14
:61:200403C0000000000205,0N216NONREF//BI909096168877-0
:86:/PREF/987602019/TRCD/178/INIT//NAME/RABO FD/ISDT/2019-03-14
:62F:C200403EUR000000011699,25
:64:C200403EUR000000011699,25
:65:C200403EUR000000011699,25
:65:C200403EUR000000011699,25
:65:C200403EUR000000011699,25
:65:C200403EUR000000011699,25
:20:940S190314
:25:NL21RABO0123456789 EUR
:28C:23801/1
:60F:C200403EUR000000011699,25
:61:200403C0000000000257,0N216NONREF//BI909096168877-0
:86:/PREF/987602019/TRCD/178/INIT//NAME/RABO FD/ISDT/2019-03-14
:61:200403D0000000000136,0N216NONREF//BI909096168877-0
:86:/PREF/987602019/TRCD/178/INIT//NAME/RABO FD/ISDT/2019-03-14
:62F:C200403EUR000000011820,25
:64:C200403EUR000000011820,25
:65:C200403EUR000000011820,25
:65:C200403EUR000000011820,25
:65:C200403EUR000000011820,25
:65:C200403EUR000000011820,25
:20:940S190314
:25:NL21RABO0123456789 EUR
:28C:23901/1
:60F:C200403EUR000000011820,25
:61:200403C0000000000097,0N216NONREF//BI909096168877-0
:86:/PREF/987602019/TRCD/178/INIT//NAME/RABO FD/ISDT/2019-03-14
:61:200403C0000000000184,0N216NONREF//BI909096168877-0
:86:/PREF/987602019/TRCD/178/INIT//NAME/RABO FD/ISDT/2019-03-14
:62F:C200403EUR000000012101,25
:64:C200403EUR000000012101,25
:65:C200403EUR000000012101,25
:65:C200403EUR000000012101,25
:65:C200403EUR000000012101,25
:65:C200403EUR000000012101,25
:20:940S190314
:25:NL21RABO0123456789 EUR
:28C:24001/1
:60F:C200406EUR000000012101,25
:61:200406C0000000000255,0N216NONREF//BI909096168877-0
:86:/PREF/987602019/TRCD/178/INIT//NAME/RABO FD/ISDT/2019-03-14
:61:200406D0000000000250,0N216NONREF//BI909096168877-0
:86:/PREF/987602019/TRCD/178/INIT//NAME/RABO FD/ISDT/2019-03-14
:62F:C200406EUR000000012106,25
:64:C200406EUR000000012106,25
:65:C200406EUR000000012106,25
:65:C200406EUR000000012106,25
:65:C200406EUR000000012106,25
:65:C200406EUR000000012106,25
:20:940S190314
:25:NL21RABO0123456789 EUR
:28C:24101/1
:60F:C200407EUR000000012106,25
:61:200407C0000000000111,0N216NONREF//BI909096168877-0
:86:/PREF/987602019/TRCD/178/INIT//NAME/RABO FD/ISDT/2019-03-14
:61:200407C0000000000182,0N216NONREF//BI909096168877-0
:86:/PREF/987602019/TRCD/178/INIT//NAME/RABO FD/ISDT/2019-03-14
:62F:C200407EUR000000012399,25
:64:C200407EUR000000012399,25
:65:C200407EUR000000012399,25
:65:C200407EUR000000012399,25
:65:C200407EUR000000012399,25
:65:C200407EUR000000012399,25
:20:940S190314
:25:NL21RABO0123456789 EUR
:28C:24201/1
:60F:C200408EUR000000012399,25
:61:200408C0000000000174,0N216NONREF//BI909096168877-0
:86:/PREF/987602019/TRCD/178/INIT//NAME/RABO FD/ISDT/2019-03-14
:61:200408D0000000000034,0N216NONREF//BI909096168877-0
:86:/PREF/987602019/TRCD/178/INIT//NAME/RABO FD/ISDT/2019-03-14
:62F:C200408EUR000000012539,25
:64:C200408EUR000000012539,25
:65:C200408EUR000000012539,25
:65:C200408EUR000000012539,25
:65:C200408EUR000000012539,25
:65:C200408EUR000000012539,25
:20:940S190314
:25:NL21RABO0123456789 EUR
:28C:24301/1
:60F:C200409EUR000000012539,25
:61:200409C0000000000171,0N216NONREF//BI909096168877-0
:86:/PREF/987602019/TRCD/178/INIT//NAME/RABO FD/ISDT/2019-03-14
:61:200409C0000000000249,0N216NONREF//BI909096168877-0
:86:/PREF/987602019/TRCD/178/INIT//NAME/RABO FD/ISDT/2019-03-14
:62F:C200409EUR000000012959,25
:64:C200409EUR000000012959,25
:65:C200409EUR000000012959,25
:65:C200409EUR000000012959,25
:65:C200409EUR000000012959,25
:65:C200409EUR000000012959,25
:20:940S190314
:25:NL21RABO0123456789 EUR
:28C:24401/1
:60F:C200409EUR000000012959,25
:61:200409C0000000000078,0N216NONREF//BI909096168877-0
:86:/PREF/987602019/TRCD/178/INIT//NAME/RABO FD/ISDT/2019-03-14
:61:200409D0000000000281,0N216NONREF//BI909096168877-0
:86:/PREF/987602019/TRCD/178/INIT//NAME/RABO FD/ISDT/2019-03-14
:62F:C200409EUR000000012756,25
:64:C200409EUR000000012756,25
:65:C200409EUR000000012756,25
:65:C200409EUR000000012756,25
:65:C200409EUR000000012756,25
:65:C200409EUR000000012756,25
:20:940S190314
:25:NL21RABO0123456789 EUR
:28C:24501/1
:60F:C200411EUR000000012756,25
:61:200411C0000000000027,0N216NONREF//BI909096168877-0
:86:/PREF/987602019/TRCD/178/INIT//NAME/RABO FD/ISDT/2019-03-14
:61:200411C0000000000203,0N216NONREF//BI909096168877-0
:86:/PREF/987602019/TRCD/178/INIT//NAME/RABO FD/ISDT/2019-03-14
:62F:C200411EUR000000012986,25
:64:C200411EUR000000012986,25
:65:C200411EUR000000012986,25
:65:C200411EUR000000012986,25
:65:C200411EUR000000012986,25
:65:C200411EUR000000012986,25
:20:940S190314
:25:NL21RABO0123456789 EUR
:28C:24601/1
:60F:C200412EUR000000012986,25
:61:200412C0000000000031,0N216NONREF//BI909096168877-0
:86:/PREF/987602019/TRCD/178/INIT//NAME/RABO FD/ISDT/2019-03-14
:61:200412D0000000000023,0N216NONREF//BI909096168877-0
:86:/PREF/987602019/TRCD/178/INIT//NAME/RABO FD/ISDT/2019-03-14
:62F:C200412EUR000000012994,25
:64:C200412EUR000000012994,25
:65:C200412EUR000000012994,25
:65:C200412EUR000000012994,25
:65:C200412EUR000000012994,25
:65:C200412EUR000000012994,25
:20:940S190314
:25:NL21RABO0123456789 EUR
:28C:24701/1
:60F:C200412EUR000000012994,25
:61:200412C0000000000078,0N216NONREF//BI909096168877-0
:86:/PREF/987602019/TRCD/178/INIT//NAME/RABO FD/ISDT/2019-03-14
:61:200412C0000000000099,0N216NONREF//BI909096168877-0
:86:/PREF/987602019/TRCD/178/INIT//NAME/RABO FD/ISDT/2019-03-14
:62F:C200412EUR000000013171,25
:64:C200412EUR000000013171,25
:65:C200412EUR000000013171,25
:65:C200412EUR000000013171,25
:65:C200412EUR000000013171,25
:65:C200412EUR000000013171,25
:20:940S190314
:25:NL21RABO0123456789 EUR
:28C:24801/1
:60F:C200414EUR000000013171,25
:61:200414C0000000000150,0N216NONREF//BI909096168877-0
:86:/PREF/987602019/TRCD/178/INIT//NAME/RABO FD/ISDT/2019-03-14
:61:200414D0000000000282,0N216NONREF//BI909096168877-0
:86:/PREF/987602019/TRCD/178/INIT//NAME/RABO FD/ISDT/2019-03-14
:62F:C200414EUR000000013039,25
:64:C200414EUR000000013039,25
:65:C200414EUR000000013039,25
:65:C200414EUR000000013039,25
:65:C200414EUR000000013039,25
:65:C200414EUR000000013039,25
:20:940S190314
:25:NL21RABO0123456789 EUR
:28C:24901/1
:60F:C200415EUR000000013039,25
:61:200415C0000000000167,0N216NONREF//BI909096168877-0
:86:/PREF/987602019/TRCD/178/INIT//NAME/RABO FD/ISDT/2019-03-14
:61:200415C0000000000140,0N216NONREF//BI909096168877-0
:86:/PREF/987602019/TRCD/178/INIT//NAME/RABO FD/ISDT/2019-03-14
:62F:C200415EUR000000013346,25
:64:C200415EUR000000013346,25
:65:C200415EUR000000013346,25
:65:C200415EUR000000013346,25
:65:C200415EUR000000013346,25
:65:C200415EUR000000013346,25
:20:940S190314
:25:NL21RABO0123456789 EUR
:28C:25001/1
:60F:C200416EUR000000013346,25
:61:200416C0000000000070,0N216NONREF//BI909096168877-0
:86:/PREF/987602019/TRCD/178/INIT//NAME/RABO FD/ISDT/2019-03-14
:61:200416D0000000000165,0N216NONREF//BI909096168877-0
:86:/PREF/987602019/TRCD/178/INIT//NAME/RABO FD/ISDT/2019-03-14
:62F:C200416EUR000000013251,25
:64:C200416EUR000000013251,25
:65:C200416EUR000000013251,25
:65:C200416EUR000000013251,25
:65:C200416EUR000000013251,25
:65:C200416EUR000000013251,25
:20:940S190314
:25:NL21RABO0123456789 EUR
:28C:25101/1
:60F:C200417EUR000000013251,25
:61:200417C0000000000205,0N216NONREF//BI909096168877-0
:86:/PREF/987602019/TRCD/178/INIT//NAME/RABO FD/ISDT/2019-03-14
:61:200417C0000000000257,0N216NONREF//BI909096168877-0
:86:/PREF/987602019/TRCD/178/INIT//NAME/RABO FD/ISDT/2019-03-14
:62F:C200417EUR000000013713,25
:64:C200417EUR000000013713,25
:65:C200417EUR000000013713,25
:65:C200417EUR000000013713,25
:65:C200417EUR000000013713,25
:65:C200417EUR000000013713,25
:20:940S190314
:25:NL21RABO0123456789 EUR
:28C:25201/1
:60F:C200418EUR000000013713,25
:61:200418C0000000000136,0N216NONREF//BI909096168877-0
:86:/PREF/987602019/TRCD/178/INIT//NAME/RABO FD/ISDT/2019-03-14
:61:200418D0000000000097,0N216NONREF//BI909096168877-0
:86:/PREF/987602019/TRCD/178/INIT//NAME/RABO FD/ISDT/2019-03-14
:62F:C200418EUR000000013752,25
:64:C200418EUR000000013752,25
:65:C200418EUR000000013752,25
:65:C200418EUR000000013752,25
:65:C200418EUR000000013752,25
:65:C200418EUR000000013752,25
:20:940S190314
:25:NL21RABO0123456789 EUR
:28C:25301/1
:60F:C200418EUR000000013752,25
:61:200418C0000000000184,0N216NONREF//BI909096168877-0
:86:/PREF/987602019/TRCD/178/INIT//NAME/RABO FD/ISDT/2019-03-14
:61:200418C0000000000255,0N216NONREF//BI909096168877-0
:86:/PREF/987602019/TRCD/178/INIT//NAME/RABO FD/ISDT/2019-03-14
:62F:C200418EUR000000014191,25
:64:C200418EUR000000014191,25
:65:C200418EUR000000014191,25
:65:C200418EUR000000014191,25
:65:C200418EUR000000014191,25
:65:C200418EUR000000014191,25
:20:940S190314
:25:NL21RABO0123456789 EUR
:28C:25401/1
:60F:C200418EUR000000014191,25
:61:200418C0000000000250,0N216NONREF//BI909096168877-0
:86:/PREF/987602019/TRCD/178/INIT//NAME/RABO FD/ISDT/2019-03-14
:61:200418D0000000000111,0N216NONREF//BI909096168877-0
:86:/PREF/987602019/TRCD/178/INIT//NAME/RABO FD/ISDT/2019-03-14
:62F:C200418EUR000000014330,25
:64:C200418EUR000000014330,25
:65:C200418EUR000000014330,25
:65:C200418EUR000000014330,25
:65:C200418EUR000000014330,25
:65:C200418EUR000000014330,25
:20:940S190314
:25:NL21RABO0123456789 EUR
:28C:25501/1
:60F:C200421EUR000000014330,25
:61:200421C0000000000182,0N216NONREF//BI909096168877-0
:86:/PREF/987602019/TRCD/178/INIT//NAME/RABO FD/ISDT/2019-03-14
:61:200421C0000000000174,0N216NONREF//BI909096168877-0
:86:/PREF/987602019/TRCD/178/INIT//NAME/RABO FD/ISDT/2019-03-14
:62F:C200421EUR000000014686,25
:64:C200421EUR000000014686,25
:65:C200421EUR000000014686,25
:65:C200421EUR000000014686,25
:65:C200421EUR000000014686,25
:65:C200421EUR000000014686,25
:20:940S190314
:25:NL21RABO0123456789 EUR
:28C:25601/1
:60F:C200422EUR000000014686,25
:61:200422C0000000000034,0N216NONREF//BI909096168877-0
:86:/PREF/987602019/TRCD/178/INIT//NAME/RABO FD/ISDT/2019-03-14
:61:200422D0000000000171,0N216NONREF//BI909096168877-0
:86:/PREF/987602019/TRCD/178/INIT//NAME/RABO FD/ISDT/2019-03-14
:62F:C200422EUR000000014549,25
:64:C200422EUR000000014549,25
:65:C200422EUR000000014549,25
:65:C200422EUR000000014549,25
:65:C200422EUR000000014549,25
:65:C200422EUR000000014549,25
:20:940S190314
:25:NL21RABO0123456789 EUR
:28C:25701/1
:60F:C200423EUR000000014549,25
:61:200423C0000000000249,0N216NONREF//BI909096168877-0
:86:/PREF/987602019/TRCD/178/INIT//NAME/RABO FD/ISDT/2019-03-14
:61:200423C0000000000078,0N216NONREF//BI909096168877-0
:86:/PREF/987602019/TRCD/178/INIT//NAME/RABO FD/ISDT/2019-03-14
:62F:C200423EUR000000014876,25
:64:C200423EUR000000014876,25
:65:C200423EUR000000014876,25
:65:C200423EUR000000014876,25
:65:C200423EUR000000014876,25
:65:C200423EUR000000014876,25
:20:940S190314
:25:NL21RABO0123456789 EUR
:28C:25801/1
:60F:C200423EUR000000014876,25
:61:200423C0000000000281,0N216NONREF//BI909096168877-0
:86:/PREF/987602019/TRCD/178/INIT//NAME/RABO FD/ISDT/2019-03-14
:61:200423D0000000000027,0N216NONREF//BI909096168877-0
:86:/PREF/987602019/TRCD/178/INIT//NAME/RABO FD/ISDT/2019-03-14
:62F:C200423EUR000000015130,25
:64:C200423EUR000000015130,25
:65:C200423EUR000000015130,25
:65:C200423EUR000000015130,25
:65:C200423EUR000000015130,25
:65:C200423EUR000000015130,25
:20:940S190314
:25:NL21RABO0123456789 EUR
:28C:25901/1
:60F:C200425EUR000000015130,25
:61:200425C0000000000203,0N216NONREF//BI909096168877-0
:86:/PREF/987602019/TRCD/178/INIT//NAME/RABO FD/ISDT/2019-03-14
:61:200425C0000000000031,0N216NONREF//BI909096168877-0
:86:/PREF/987602019/TRCD/178/INIT//NAME/RABO FD/ISDT/2019-03-14
:62F:C200425EUR000000015364,25
:64:C200425EUR000000015364,25
:65:C200425EUR000000015364,25
:65:C200425EUR000000015364,25
:65:C200425EUR000000015364,25
:65:C200425EUR000000015364,25
:20:940S190314
:25:NL21RABO0123456789 EUR
:28C:26001/1
:60F:C200427EUR000000015364,25
:61:200427C0000000000023,0N216NONREF//BI909096168877-0
:86:/PREF/987602019/TRCD/178/INIT//NAME/RABO FD/ISDT/2019-03-14
:61:200427D0000000000078,0N216NONREF//BI909096168877-0
:86:/PREF/987602019/TRCD/178/INIT//NAME/RABO FD/ISDT/2019-03-14
:62F:C200427EUR000000015309,25
:64:C200427EUR000000015309,25
:65:C200427EUR000000015309,25
:65:C200427EUR000000015309,25
:65:C200427EUR000000015309,25
:65:C200427EUR000000015309,25
:20:940S190314
:25:NL21RABO0123456789 EUR
:28C:26101/1
:60F:C200428EUR000000015309,25
:61:200428C0000000000099,0N216NONREF//BI909096168877-0
:86:/PREF/987602019/TRCD/178/INIT//NAME/RABO FD/ISDT/2019-03-14
:61:200428C0000000000150,0N216NONREF//BI909096168877-0
:86:/PREF/987602019/TRCD/178/INIT//NAME/RABO FD/ISDT/2019-03-14
:62F:C200428EUR000000015558,25
:64:C200428EUR000000015558,25
:65:C200428EUR000000015558,25
:65:C200428EUR000000015558,25
:65:C200428EUR000000015558,25
:65:C200428EUR000000015558,25
:20:940S190314
:25:NL21RABO0123456789 EUR
:28C:26201/1
:60F:C200430EUR000000015558,25
:61:200430C0000000000282,0N216NONREF//BI909096168877-0
:86:/PREF/987602019/TRCD/178/INIT//NAME/RABO FD/ISDT/2019-03-14
:61:200430D0000000000167,0N216NONREF//BI909096168877-0
:86:/PREF/987602019/TRCD/178/INIT//NAME/RABO FD/ISDT/2019-03-14
:62F:C200430EUR000000015673,25
:64:C200430EUR000000015673,25
:65:C200430EUR000000015673,25
:65:C200430EUR000000015673,25
:65:C200430EUR000000015673,25
:65:C200430EUR000000015673,25
:20:940S190314
:25:NL21RABO0123456789 EUR
:28C:26301/1
:60F:C200501EUR000000015673,25
:61:200501C0000000000140,0N216NONREF//BI909096168877-0
:86:/PREF/987602019/TRCD/178/INIT//NAME/RABO FD/ISDT/2019-03-14
:61:200501C0000000000070,0N216NONREF//BI909096168877-0
:86:/PREF/987602019/TRCD/178/INIT//NAME/RABO FD/ISDT/2019-03-14
:62F:C200501EUR000000015883,25
:64:C200501EUR000000015883,25
:65:C200501EUR000000015883,25
:65:C200501EUR000000015883,25
:65:C200501EUR000000015883,25
:65:C200501EUR000000015883,25
:20:940S190314
:25:NL21RABO0123456789 EUR
:28C:26401/1
:60F:C200502EUR000000015883,25
:61:200502C0000000000165,0N216NONREF//BI909096168877-0
:86:/PREF/987602019/TRCD/178/INIT//NAME/RABO FD/ISDT/2019-03-14
:61:200502D0000000000205,0N216NONREF//BI909096168877-0
:86:/PREF/987602019/TRCD/178/INIT//NAME/RABO FD/ISDT/2019-03-14
:62F:C200502EUR000000015843,25
:64:C200502EUR000000015843,25
:65:C200502EUR000000015843,25
:65:C200502EUR000000015843,25
:65:C200502EUR000000015843,25
:65:C200502EUR000000015843,25
:20:940S190314
:25:NL21RABO0123456789 EUR
:28C:26501/1
:60F:C200502EUR000000015843,25
:61:200502C0000000000257,0N216NONREF//BI909096168877-0
:86:/PREF/987602019/TRCD/178/INIT//NAME/RABO FD/ISDT/2019-03-14
:61:200502C0000000000136,0N216NONREF//BI909096168877-0
:86:/PREF/987602019/TRCD/178/INIT//NAME/RABO FD/ISDT/2019-03-14
:62F:C200502EUR000000016236,25
:64:C200502EUR000000016236,25
:65:C200502EUR000000016236,25
:65:C200502EUR000000016236,25
:65:C200502EUR000000016236,25
:65:C200502EUR000000016236,25
:20:940S190314
:25:NL21RABO0123456789 EUR
:28C:26601/1
:60F:C200503EUR000000016236,25
:61:200503C0000000000097,0N216NONREF//BI909096168877-0
:86:/PREF/987602019/TRCD/178/INIT//NAME/RABO FD/ISDT/2019-03-14
:61:200503D0000000000184,0N216NONREF//BI909096168877-0
:86:/PREF/987602019/TRCD/178/INIT//NAME/RABO FD/ISDT/2019-03-14
:62F:C200503EUR000000016149,25
:64:C200503EUR000000016149,25
:65:C200503EUR000000016149,25
:65:C200503EUR000000016149,25
:65:C200503EUR000000016149,25
:65:C200503EUR000000016149,25
:20:940S190314
:25:NL21RABO0123456789 EUR
:28C:26701/1
:60F:C200504EUR000000016149,25
:61:200504C0000000000255,0N216NONREF//BI909096168877-0
:86:/PREF/987602019/TRCD/178/INIT//NAME/RABO FD/ISDT/2019-03-14
:61:200504C0000000000250,0N216NONREF//BI909096168877-0
:86:/PREF/987602019/TRCD/178/INIT//NAME/RABO FD/ISDT/2019-03-14
:62F:C200504EUR000000016654,25
:64:C200504EUR000000016654,25
:65:C200504EUR000000016654,25
:65:C200504EUR000000016654,25
:65:C200504EUR000000016654,25
:65:C200504EUR000000016654,25
:20:940S190314
:25:NL21RABO0123456789 EUR
:28C:26801/1
:60F:C200504EUR000000016654,25
:61:200504C0000000000111,0N216NONREF//BI909096168877-0
:86:/PREF/987602019/TRCD/178/INIT//NAME/RABO FD/ISDT/2019-03-14
:61:200504D0000000000182,0N216NONREF//BI909096168877-0
:86:/PREF/987602019/TRCD/178/INIT//NAME/RABO FD/ISDT/2019-03-14
:62F:C200504EUR000000016583,25
:64:C200504EUR000000016583,25
:65:C200504EUR000000016583,25
:65:C200504EUR000000016583,25
:65:C200504EUR000000016583,25
:65:C200504EUR000000016583,25
:20:940S190314
:25:NL21RABO0123456789 EUR
:28C:26901/1
:60F:C200505EUR000000016583,25
:61:200505C0000000000174,0N216NONREF//BI909096168877-0
:86:/PREF/987602019/TRCD/178/INIT//NAME/RABO FD/ISDT/2019-03-14
:61:200505C0000000000034,0N216NONREF//BI909096168877-0
:86:/PREF/987602019/TRCD/178/INIT//NAME/RABO FD/ISDT/2019-03-14
:62F:C200505EUR000000016791,25
:64:C200505EUR000000016791,25
:65:C200505EUR000000016791,25
:65:C200505EUR000000016791,25
:65:C200505EUR000000016791,25
:65:C200505EUR000000016791,25
:20:940S190314
:25:NL21RABO0123456789 EUR
:28C:27001/1
:60F:C200506EUR000000016791,25
:61:200506C0000000000171,0N216NONREF//BI909096168877-0
:86:/PREF/987602019/TRCD/178/INIT//NAME/RABO FD/ISDT/2019-03-14
:61:200506D0000000000249,0N216NONREF//BI909096168877-0
:86:/PREF/987602019/TRCD/178/INIT//NAME/RABO FD/ISDT/2019-03-14
:62F:C200506EUR000000016713,25
:64:C200506EUR000000016713,25
:65:C200506EUR000000016713,25
:65:C200506EUR000000016713,25
:65:C200506EUR000000016713,25
:65:C200506EUR000000016713,25
:20:940S190314
:25:NL21RABO0123456789 EUR
:28C:27101/1
:60F:C200507EUR000000016713,25
:61:200507C0000000000078,0N216NONREF//BI909096168877-0
:86:/PREF/987602019/TRCD/178/INIT//NAME/RABO FD/ISDT/2019-03-14
:61:200507C0000000000281,0N216NONREF//BI909096168877-0
:86:/PREF/987602019/TRCD/178/INIT//NAME/RABO FD/ISDT/2019-03-14
:62F:C200507EUR000000017072,25
:64:C200507EUR000000017072,25
:65:C200507EUR000000017072,25
:65:C200507EUR000000017072,25
:65:C200507EUR000000017072,25
:65:C200507EUR000000017072,25
:20:940S190314
:25:NL21RABO0123456789 EUR
:28C:27201/1
:60F:C200508EUR000000017072,25
:61:200508C0000000000027,0N216NONREF//BI909096168877-0
:86:/PREF/987602019/TRCD/178/INIT//NAME/RABO FD/ISDT/2019-03-14
:61:200508D0000000000203,0N216NONREF//BI909096168877-0
:86:/PREF/987602019/TRCD/178/INIT//NAME/RABO FD/ISDT/2019-03-14
:62F:C200508EUR000000016896,25
:64:C200508EUR000000016896,25
:65:C200508EUR000000016896,25
:65:C200508EUR000000016896,25
:65:C200508EUR000000016896,25
:65:C200508EUR000000016896,25
:20:940S190314
:25:NL21RABO0123456789 EUR
:28C:27301/1
:60F:C200509EUR000000016896,25
:61:200509C0000000000031,0N216NONREF//BI909096168877-0
:86:/PREF/987602019/TRCD/178/INIT//NAME/RABO FD/ISDT/2019-03-14
:61:200509C0000000000023,0N216NONREF//BI909096168877-0
:86:/PREF/987602019/TRCD/178/INIT//NAME/RABO FD/ISDT/2019-03-14
:62F:C200509EUR000000016950,25
:64:C200509EUR000000016950,25
:65:C200509EUR000000016950,25
:65:C200509EUR000000016950,25
:65:C200509EUR000000016950,25
:65:C200509EUR000000016950,25
:20:940S190314
:25:NL21RABO0123456789 EUR
:28C:27401/1
:60F:C200509EUR000000016950,25
:61:200509C0000000000078,0N216NONREF//BI909096168877-0
:86:/PREF/987602019/TRCD/178/INIT//NAME/RABO FD/ISDT/2019-03-14
:61:200509D0000000000099,0N216NONREF//BI909096168877-0
:86:/PREF/987602019/TRCD/178/INIT//NAME/RABO FD/ISDT/2019-03-14
:62F:C200509EUR000000016929,25
:64:C200509EUR000000016929,25
:65:C200509EUR000000016929,25
:65:C200509EUR000000016929,25
:65:C200509EUR000000016929,25
:65:C200509EUR000000016929,25
:20:940S190314
:25:NL21RABO0123456789 EUR
:28C:27501/1
:60F:C200511EUR000000016929,25
:61:200511C0000000000150,0N216NONREF//BI909096168877-0
:86:/PREF/987602019/TRCD/178/INIT//NAME/RABO FD/ISDT/2019-03-14
:61:200511C0000000000282,0N216NONREF//BI909096168877-0
:86:/PREF/987602019/TRCD/178/INIT//NAME/RABO FD/ISDT/2019-03-14
:62F:C200511EUR000000017361,25
:64:C200511EUR000000017361,25
:65:C200511EUR000000017361,25
:65:C200511EUR000000017361,25
:65:C200511EUR000000017361,25
:65:C200511EUR000000017361,25
:20:940S190314
:25:NL21RABO0123456789 EUR
:28C:27601/1
:60F:C200512EUR000000017361,25
:61:200512C0000000000167,0N216NONREF//BI909096168877-0
:86:/PREF/987602019/TRCD/178/INIT//NAME/RABO FD/ISDT/2019-03-14
:61:200512D0000000000140,0N216NONREF//BI909096168877-0
:86:/PREF/987602019/TRCD/178/INIT//NAME/RABO FD/ISDT/2019-03-14
:62F:C200512EUR000000017388,25
:64:C200512EUR000000017388,25
:65:C200512EUR000000017388,25
:65:C200512EUR000000017388,25
:65:C200512EUR000000017388,25
:65:C200512EUR000000017388,25
:20:940S190314
:25:NL21RABO0123456789 EUR
:28C:27701/1
:60F:C200513EUR000000017388,25
:61:200513C0000000000070,0N216NONREF//BI909096168877-0
:86:/PREF/987602019/TRCD/178/INIT//NAME/RABO FD/ISDT/2019-03-14
:61:200513C0000000000165,0N216NONREF//BI909096168877-0
:86:/PREF/987602019/TRCD/178/INIT//NAME/RABO FD/ISDT/2019-03-14
:62F:C200513EUR000000017623,25
:64:C200513EUR000000017623,25
:65:C200513EUR000000017623,25
:65:C200513EUR000000017623,25
:65:C200513EUR000000017623,25
:65:C200513EUR000000017623,25
:20:940S190314
:25:NL21RABO0123456789 EUR
:28C:27801/1
:60F:C200514EUR000000017623,25
:61:200514C0000000000205,0N216NONREF//BI909096168877-0
:86:/PREF/987602019/TRCD/178/INIT//NAME/RABO FD/ISDT/2019-03-14
:61:200514D0000000000257,0N216NONREF//BI909096168877-0
:86:/PREF/987602019/TRCD/178/INIT//NAME/RABO FD/ISDT/2019-03-14
:62F:C200514EUR000000017571,25
:64:C200514EUR000000017571,25
:65:C200514EUR000000017571,25
:65:C200514EUR000000017571,25
:65:C200514EUR000000017571,25
:65:C200514EUR000000017571,25
:20:940S190314
:25:NL21RABO0123456789 EUR
:28C:27901/1
:60F:C200514EUR000000017571,25
:61:200514C0000000000136,0N216NONREF//BI909096168877-0
:86:/PREF/987602019/TRCD/178/INIT//NAME/RABO FD/ISDT/2019-03-14
:61:200514C0000000000097,0N216NONREF//BI909096168877-0
:86:/PREF/987602019/TRCD/178/INIT//NAME/RABO FD/ISDT/2019-03-14
:62F:C200514EUR000000017804,25
:64:C200514EUR000000017804,25
:65:C200514EUR000000017804,25
:65:C200514EUR000000017804,25
:65:C200514EUR000000017804,25
:65:C200514EUR000000017804,25
:20:940S190314
:25:NL21RABO0123456789 EUR
:28C:28001/1
:60F:C200516EUR000000017804,25
:61:200516C0000000000184,0N216NONREF//BI909096168877-0
:86:/PREF/987602019/TRCD/178/INIT//NAME/RABO FD/ISDT/2019-03-14
:61:200516D0000000000255,0N216NONREF//BI909096168877-0
:86:/PREF/987602019/TRCD/178/INIT//NAME/RABO FD/ISDT/2019-03-14
:62F:C200516EUR000000017733,25
:64:C200516EUR000000017733,25
:65:C200516EUR000000017733,25
:65:C200516EUR000000017733,25
:65:C200516EUR000000017733,25
:65:C200516EUR000000017733,25
:20:940S190314
:25:NL21RABO0123456789 EUR
:28C:28101/1
:60F:C200517EUR000000017733,25
:61:200517C0000000000250,0N216NONREF//BI909096168877-0
:86:/PREF/987602019/TRCD/178/INIT//NAME/RABO FD/ISDT/2019-03-14
:61:200517C0000000000111,0N216NONREF//BI909096168877-0
:86:/PREF/987602019/TRCD/178/INIT//NAME/RABO FD/ISDT/2019-03-14
:62F:C200517EUR000000018094,25
:64:C200517EUR000000018094,25
:65:C200517EUR000000018094,25
:65:C200517EUR000000018094,25
:65:C200517EUR000000018094,25
:65:C200517EUR000000018094,25
:20:940S190314
:25:NL21RABO0123456789 EUR
:28C:28201/1
:60F:C200517EUR000000018094,25
:61:200517C0000000000182,0N216NONREF//BI909096168877-0
:86:/PREF/987602019/TRCD/178/INIT//NAME/RABO FD/ISDT/2019-03-14
:61:200517D0000000000174,0N216NONREF//BI909096168877-0
:86:/PREF/987602019/TRCD/178/INIT//NAME/RABO FD/ISDT/2019-03-14
:62F:C200517EUR000000018102,25
:64:C200517EUR000000018102,25
:65:C200517EUR000000018102,25
:65:C200517EUR000000018102,25
:65:C200517EUR000000018102,25
:65:C200517EUR000000018102,25
:20:940S190314
:25:NL21RABO0123456789 EUR
:28C:28301/1
:60F:C200517EUR000000018102,25
:61:200517C0000000000034,0N216NONREF//BI909096168877-0
:86:/PREF/987602019/TRCD/178/INIT//NAME/RABO FD/ISDT/2019-03-14
:61:200517C0000000000171,0N216NONREF//BI909096168877-0
:86:/PREF/987602019/TRCD/178/INIT//NAME/RABO FD/ISDT/2019-03-14
:62F:C200517EUR000000018307,25
:64:C200517EUR000000018307,25
:65:C200517EUR000000018307,25
:65:C200517EUR000000018307,25
:65:C200517EUR000000018307,25
:65:C200517EUR000000018307,25
:20:940S190314
:25:NL21RABO0123456789 EUR
:28C:28401/1
:60F:C200520EUR000000018307,25
:61:200520C0000000000249,0N216NONREF//BI909096168877-0
:86:/PREF/987602019/TRCD/178/INIT//NAME/RABO FD/ISDT/2019-03-14
:61:200520D0000000000078,0N216NONREF//BI909096168877-0
:86:/PREF/987602019/TRCD/178/INIT//NAME/RABO FD/ISDT/2019-03-14
:62F:C200520EUR000000018478,25
:64:C200520EUR000000018478,25
:65:C200520EUR000000018478,25
:65:C200520EUR000000018478,25
:65:C200520EUR000000018478,25
:65:C200520EUR000000018478,25
:20:940S190314
:25:NL21RABO0123456789 EUR
:28C:28501/1
:60F:C200521EUR000000018478,25
:61:200521C0000000000281,0N216NONREF//BI909096168877-0
:86:/PREF/987602019/TRCD/178/INIT//NAME/RABO FD/ISDT/2019-03-14
:61:200521C0000000000027,0N216NONREF//BI909096168877-0
:86:/PREF/987602019/TRCD/178/INIT//NAME/RABO FD/ISDT/2019-03-14
:62F:C200521EUR000000018786,25
:64:C200521EUR000000018786,25
:65:C200521EUR000000018786,25
:65:C200521EUR000000018786,25
:65:C200521EUR000000018786,25
:65:C200521EUR000000018786,25
:20:940S190314
:25:NL21RABO0123456789 EUR
:28C:28601/1
:60F:C200521EUR000000018786,25
:61:200521C0000000000203,0N216NONREF//BI909096168877-0
:86:/PREF/987602019/TRCD/178/INIT//NAME/RABO FD/ISDT/2019-03-14
:61:200521D0000000000031,0N216NONREF//BI909096168877-0
:86:/PREF/987602019/TRCD/178/INIT//NAME/RABO FD/ISDT/2019-03-14
:62F:C200521EUR000000018958,25
:64:C200521EUR000000018958,25
:65:C200521EUR000000018958,25
:65:C200521EUR000000018958,25
:65:C200521EUR000000018958,25
:65:C200521EUR000000018958,25
:20:940S190314
:25:NL21RABO0123456789 EUR
:28C:28701/1
:60F:C200521EUR000000018958,25
:61:200521C0000000000023,0N216NONREF//BI909096168877-0
:86:/PREF/987602019/TRCD/178/INIT//NAME/RABO FD/ISDT/2019-03-14
:61:200521C0000000000078,0N216NONREF//BI909096168877-0
:86:/PREF/987602019/TRCD/178/INIT//NAME/RABO FD/ISDT/2019-03-14
:62F:C200521EUR000000019059,25
:64:C200521EUR000000019059,25
:65:C200521EUR000000019059,25
:65:C200521EUR000000019059,25
:65:C200521EUR000000019059,25
:65:C200521EUR000000019059,25
:20:940S190314
:25:NL21RABO0123456789 EUR
:28C:28801/1
:60F:C200524EUR000000019059,25
:61:200524C0000000000099,0N216NONREF//BI909096168877-0
:86:/PREF/987602019/TRCD/178/INIT//NAME/RABO FD/ISDT/2019-03-14
:61:200524D0000000000150,0N216NONREF//BI909096168877-0
:86:/PREF/987602019/TRCD/178/INIT//NAME/RABO FD/ISDT/2019-03-14
:62F:C200524EUR000000019008,25
:64:C200524EUR000000019008,25
:65:C200524EUR000000019008,25
:65:C200524EUR000000019008,25
:65:C200524EUR000000019008,25
:65:C200524EUR000000019008,25
:20:940S190314
:25:NL21RABO0123456789 EUR
:28C:28901/1
:60F:C200525EUR000000019008,25
:61:200525C0000000000282,0N216NONREF//BI909096168877-0
:86:/PREF/987602019/TRCD/178/INIT//NAME/RABO FD/ISDT/2019-03-14
:61:200525C0000000000167,0N216NONREF//BI909096168877-0
:86:/PREF/987602019/TRCD/178/INIT//NAME/RABO FD/ISDT/2019-03-14
:62F:C200525EUR000000019457,25
:64:C200525EUR000000019457,25
:65:C200525EUR000000019457,25
:65:C200525EUR000000019457,25
:65:C200525EUR000000019457,25
:65:C200525EUR000000019457,25
:20:940S190314
:25:NL21RABO0123456789 EUR
:28C:29001/1
:60F:C200526EUR000000019457,25
:61:200526C0000000000140,0N216NONREF//BI909096168877-0
:86:/PREF/987602019/TRCD/178/INIT//NAME/RABO FD/ISDT/2019-03-14
:61:200526D0000000000070,0N216NONREF//BI909096168877-0
:86:/PREF/987602019/TRCD/178/INIT//NAME/RABO FD/ISDT/2019-03-14
:62F:C200526EUR000000019527,25
:64:C200526EUR000000019527,25
:65:C200526EUR000000019527,25
:65:C200526EUR000000019527,25
:65:C200526EUR000000019527,25
:65:C200526EUR000000019527,25
:20:940S190314
:25:NL21RABO0123456789 EUR
:28C:29101/1
:60F:C200527EUR000000019527,25
:61:200527C0000000000165,0N216NONREF//BI909096168877-0
:86:/PREF/987602019/TRCD/178/INIT//NAME/RABO FD/ISDT/2019-03-14
:61:200527C0000000000205,0N216NONREF//BI909096168877-0
:86:/PREF/987602019/TRCD/178/INIT//NAME/RABO FD/ISDT/2019-03-14
:62F:C200527EUR000000019897,25
:64:C200527EUR000000019897,25
:65:C200527EUR000000019897,25
:65:C200527EUR000000019897,25
:65:C200527EUR000000019897,25
:65:C200527EUR000000019897,25
:20:940S190314
:25:NL21RABO0123456789 EUR
:28C:29201/1
:60F:C200528EUR000000019897,25
:61:200528C0000000000257,0N216NONREF//BI909096168877-0
:86:/PREF/987602019/TRCD/178/INIT//NAME/RABO FD/ISDT/2019-03-14
:61:200528D0000000000136,0N216NONREF//BI909096168877-0
:86:/PREF/987602019/TRCD/178/INIT//NAME/RABO FD/ISDT/2019-03-14
:62F:C200528EUR000000020018,25
:64:C200528EUR000000020018,25
:65:C200528EUR000000020018,25
:65:C200528EUR000000020018,25
:65:C200528EUR000000020018,25
:65:C200528EUR000000020018,25
:20:940S190314
:25:NL21RABO0123456789 EUR
:28C:29301/1
:60F:C200528EUR000000020018,25
:61:200528C0000000000097,0N216NONREF//BI909096168877-0
:86:/PREF/987602019/TRCD/178/INIT//NAME/RABO FD/ISDT/2019-03-14
:61:200528C0000000000184,0N216NONREF//BI909096168877-0
:86:/PREF/987602019/TRCD/178/INIT//NAME/RABO FD/ISDT/2019-03-14
:62F:C200528EUR000000020299,25
:64:C200528EUR000000020299,25
:65:C200528EUR000000020299,25
:65:C200528EUR000000020299,25
:65:C200528EUR000000020299,25
:65:C200528EUR000000020299,25
:20:940S190314
:25:NL21RABO0123456789 EUR
:28C:29401/1
:60F:C200530EUR000000020299,25
:61:200530C0000000000255,0N216NONREF//BI909096168877-0
:86:/PREF/987602019/TRCD/178/INIT//NAME/RABO FD/ISDT/2019-03-14
:61:200530D0000000000250,0N216NONREF//BI909096168877-0
:86:/PREF/987602019/TRCD/178/INIT//NAME/RABO FD/ISDT/2019-03-14
:62F:C200530EUR000000020304,25
:64:C200530EUR000000020304,25
:65:C200530EUR000000020304,25
:65:C200530EUR000000020304,25
:65:C200530EUR000000020304,25
:65:C200530EUR000000020304,25
:20:940S190314
:25:NL21RABO0123456789 EUR
:28C:29501/1
:60F:C200531EUR000000020304,25
:61:200531C0000000000111,0N216NONREF//BI909096168877-0
:86:/PREF/987602019/TRCD/178/INIT//NAME/RABO FD/ISDT/2019-03-14
:61:200531C0000000000182,0N216NONREF//BI909096168877-0
:86:/PREF/987602019/TRCD/178/INIT//NAME/RABO FD/ISDT/2019-03-14
:62F:C200531EUR000000020597,25
:64:C200531EUR000000020597,25
:65:C200531EUR000000020597,25
:65:C200531EUR000000020597,25
:65:C200531EUR000000020597,25
:65:C200531EUR000000020597,25
:20:940S190314
:25:NL21RABO0123456789 EUR
:28C:29601/1
:60F:C200601EUR000000020597,25
:61:200601C0000000000174,0N216NONREF//BI909096168877-0
:86:/PREF/987602019/TRCD/178/INIT//NAME/RABO FD/ISDT/2019-03-14
:61:200601D0000000000034,0N216NONREF//BI909096168877-0
:86:/PREF/987602019/TRCD/178/INIT//NAME/RABO FD/ISDT/2019-03-14
:62F:C200601EUR000000020737,25
:64:C200601EUR000000020737,25
:65:C200601EUR000000020737,25
:65:C200601EUR000000020737,25
:65:C200601EUR000000020737,25
:65:C200601EUR000000020737,25
:20:940S190314
:25:NL21RABO0123456789 EUR
:28C:29701/1
:60F:C200602EUR000000020737,25
:61:200602C0000000000171,0N216NONREF//BI909096168877-0
:86:/PREF/987602019/TRCD/178/INIT//NAME/RABO FD/ISDT/2019-03-14
:61:200602C0000000000249,0N216NONREF//BI909096168877-0
:86:/PREF/987602019/TRCD/178/INIT//NAME/RABO FD/ISDT/2019-03-14
:62F:C200602EUR000000021157,25
:64:C200602EUR000000021157,25
:65:C200602EUR000000021157,25
:65:C200602EUR000000021157,25
:65:C200602EUR000000021157,25
:65:C200602EUR000000021157,25
:20:940S190314
:25:NL21RABO0123456789 EUR
:28C:29801/1
:60F:C200603EUR000000021157,25
:61:200603C0000000000078,0N216NONREF//BI909096168877-0
:86:/PREF/987602019/TRCD/178/INIT//NAME/RABO FD/ISDT/2019-03-14
:61:200603D0000000000281,0N216NONREF//BI909096168877-0
:86:/PREF/987602019/TRCD/178/INIT//NAME/RABO FD/ISDT/2019-03-14
:62F:C200603EUR000000020954,25
:64:C200603EUR000000020954,25
:65:C200603EUR000000020954,25
:65:C200603EUR000000020954,25
:65:C200603EUR000000020954,25
:65:C200603EUR000000020954,25
:20:940S190314
:25:NL21RABO0123456789 EUR
:28C:29901/1
:60F:C200604EUR000000020954,25
:61:200604C0000000000027,0N216NONREF//BI909096168877-0
:86:/PREF/987602019/TRCD/178/INIT//NAME/RABO FD/ISDT/2019-03-14
:61:200604C0000000000203,0N216NONREF//BI909096168877-0
:86:/PREF/987602019/TRCD/178/INIT//NAME/RABO FD/ISDT/2019-03-14
:62F:C200604EUR000000021184,25
:64:C200604EUR000000021184,25
:65:C200604EUR000000021184,25
:65:C200604EUR000000021184,25
:65:C200604EUR000000021184,25
:65:C200604EUR000000021184,25
:20:940S190314
:25:NL21RABO0123456789 EUR
:28C:30001/1
:60F:C200605EUR000000021184,25
:61:200605C0000000000031,0N216NONREF//BI909096168877-0
:86:/PREF/987602019/TRCD/178/INIT//NAME/RABO FD/ISDT/2019-03-14
:61:200605D0000000000023,0N216NONREF//BI909096168877-0
:86:/PREF/987602019/TRCD/178/INIT//NAME/RABO FD/ISDT/2019-03-14
:62F:C200605EUR000000021192,25
:64:C200605EUR000000021192,25
:65:C200605EUR000000021192,25
:65:C200605EUR000000021192,25
:65:C200605EUR000000021192,25
:65:C200605EUR000000021192,25
:20:940S190314
:25:NL21RABO0123456789 EUR
:28C:30101/1
:60F:C200607EUR000000021192,25
:61:200607C0000000000078,0N216NONREF//BI909096168877-0
:86:/PREF/987602019/TRCD/178/INIT//NAME/RABO FD/ISDT/2019-03-14
:61:200607C0000000000099,0N216NONREF//BI909096168877-0
:86:/PREF/987602019/TRCD/178/INIT//NAME/RABO FD/ISDT/2019-03-14
:62F:C200607EUR000000021369,25
:64:C200607EUR000000021369,25
:65:C200607EUR000000021369,25
:65:C200607EUR000000021369,25
:65:C200607EUR000000021369,25
:65:C200607EUR000000021369,25
:20:940S190314
:25:NL21RABO0123456789 EUR
:28C:30201/1
:60F:C200608EUR000000021369,25
:61:200608C0000000000150,0N216NONREF//BI909096168877-0
:86:/PREF/987602019/TRCD/178/INIT//NAME/RABO FD/ISDT/2019-03-14
:61:200608D0000000000282,0N216NONREF//BI909096168877-0
:86:/PREF/987602019/TRCD/178/INIT//NAME/RABO FD/ISDT/2019-03-14
:62F:C200608EUR000000021237,25
:64:C200608EUR000000021237,25
:65:C200608EUR000000021237,25
:65:C200608EUR000000021237,25
:65:C200608EUR000000021237,25
:65:C200608EUR000000021237,25
:20:940S190314
:25:NL21RABO0123456789 EUR
:28C:30301/1
:60F:C200609EUR000000021237,25
:61:200609C0000000000167,0N216NONREF//BI909096168877-0
:86:/PREF/987602019/TRCD/178/INIT//NAME/RABO FD/ISDT/2019-03-14
:61:200609C0000000000140,0N216NONREF//BI909096168877-0
:86:/PREF/987602019/TRCD/178/INIT//NAME/RABO FD/ISDT/2019-03-14
:62F:C200609EUR000000021544,25
:64:C200609EUR000000021544,25
:65:C200609EUR000000021544,25
:65:C200609EUR000000021544,25
:65:C200609EUR000000021544,25
:65:C200609EUR000000021544,25
:20:940S190314
:25:NL21RABO0123456789 EUR
:28C:30401/1
:60F:C200610EUR000000021544,25
:61:200610C0000000000070,0N216NONREF//BI909096168877-0
:86:/PREF/987602019/TRCD/178/INIT//NAME/RABO FD/ISDT/2019-03-14
:61:200610D0000000000165,0N216NONREF//BI909096168877-0
:86:/PREF/987602019/TRCD/178/INIT//NAME/RABO FD/ISDT/2019-03-14
:62F:C200610EUR000000021449,25
:64:C200610EUR000000021449,25
:65:C200610EUR000000021449,25
:65:C200610EUR000000021449,25
:65:C200610EUR000000021449,25
:65:C200610EUR000000021449,25
:20:940S190314
:25:NL21RABO0123456789 EUR
:28C:30501/1
:60F:C200611EUR000000021449,25
:61:200611C0000000000205,0N216NONREF//BI909096168877-0
:86:/PREF/987602019/TRCD/178/INIT//NAME/RABO FD/ISDT/2019-03-14
:61:200611C0000000000257,0N216NONREF//BI909096168877-0
:86:/PREF/987602019/TRCD/178/INIT//NAME/RABO FD/ISDT/2019-03-14
:62F:C200611EUR000000021911,25
:64:C200611EUR000000021911,25
:65:C200611EUR000000021911,25
:65:C200611EUR000000021911,25
:65:C200611EUR000000021911,25
:65:C200611EUR000000021911,25
:20:940S190314
:25:NL21RABO0123456789 EUR
:28C:30601/1
:60F:C200612EUR000000021911,25
:61:200612C0000000000136,0N216NONREF//BI909096168877-0
:86:/PREF/987602019/TRCD/178/INIT//NAME/RABO FD/ISDT/2019-03-14
:61:200612D0000000000097,0N216NONREF//BI909096168877-0
:86:/PREF/987602019/TRCD/178/INIT//NAME/RABO FD/ISDT/2019-03-14
:62F:C200612EUR000000021950,25
:64:C200612EUR000000021950,25
:65:C200612EUR000000021950,25
:65:C200612EUR000000021950,25
:65:C200612EUR000000021950,25
:65:C200612EUR000000021950,25
:20:940S190314
:25:NL21RABO0123456789 EUR
:28C:30701/1
:60F:C200613EUR000000021950,25
:61:200613C0000000000184,0N216NONREF//BI909096168877-0
:86:/PREF/987602019/TRCD/178/INIT//NAME/RABO FD/ISDT/2019-03-14
:61:200613C0000000000255,0N216NONREF//BI909096168877-0
:86:/PREF/987602019/TRCD/178/INIT//NAME/RABO FD/ISDT/2019-03-14
:62F:C200613EUR000000022389,25
:64:C200613EUR000000022389,25
:65:C200613EUR000000022389,25
:65:C200613EUR000000022389,25
:65:C200613EUR000000022389,25
:65:C200613EUR000000022389,25
:20:940S190314
:25:NL21RABO0123456789 EUR
:28C:30801/1
:60F:C200614EUR000000022389,25
:61:200614C0000000000250,0N216NONREF//BI909096168877-0
:86:/PREF/987602019/TRCD/178/INIT//NAME/RABO FD/ISDT/2019-03-14
:61:200614D0000000000111,0N216NONREF//BI909096168877-0
:86:/PREF/987602019/TRCD/178/INIT//NAME/RABO FD/ISDT/2019-03-14
:62F:C200614EUR000000022528,25
:64:C200614EUR000000022528,25
:65:C200614EUR000000022528,25
:65:C200614EUR000000022528,25
:65:C200614EUR000000022528,25
:65:C200614EUR000000022528,25
:20:940S190314
:25:NL21RABO0123456789 EUR
:28C:30901/1
:60F:C200615EUR000000022528,25
:61:200615C0000000000182,0N216NONREF//BI909096168877-0
:86:/PREF/987602019/TRCD/178/INIT//NAME/RABO FD/ISDT/2019-03-14
:61:200615C0000000000174,0N216NONREF//BI909096168877-0
:86:/PREF/987602019/TRCD/178/INIT//NAME/RABO FD/ISDT/2019-03-14
:62F:C200615EUR000000022884,25
:64:C200615EUR000000022884,25
:65:C200615EUR000000022884,25
:65:C200615EUR000000022884,25
:65:C200615EUR000000022884,25
:65:C200615EUR000000022884,25
:20:940S190314
:25:NL21RABO0123456789 EUR
:28C:31001/1
:60F:C200616EUR000000022884,25
:61:200616C0000000000034,0N216NONREF//BI909096168877-0
:86:/PREF/987602019/TRCD/178/INIT//NAME/RABO FD/ISDT/2019-03-14
:61:200616D0000000000171,0N216NONREF//BI909096168877-0
:86:/PREF/987602019/TRCD/178/INIT//NAME/RABO FD/ISDT/2019-03-14
:62F:C200616EUR000000022747,25
:64:C200616EUR000000022747,25
:65:C200616EUR000000022747,25
:65:C200616EUR000000022747,25
:65:C200616EUR000000022747,25
:65:C200616EUR000000022747,25
:20:940S190314
:25:NL21RABO0123456789 EUR
:28C:31101/1
:60F:C200617EUR000000022747,25
:61:200617C0000000000249,0N216NONREF//BI909096168877-0
:86:/PREF/987602019/TRCD/178/INIT//NAME/RABO FD/ISDT/2019-03-14
:61:200617C0000000000078,0N216NONREF//BI909096168877-0
:86:/PREF/987602019/TRCD/178/INIT//NAME/RABO FD/ISDT/2019-03-14
:62F:C200617EUR000000023074,25
:64:C200617EUR000000023074,25
:65:C200617EUR000000023074,25
:65:C200617EUR000000023074,25
:65:C200617EUR000000023074,25
:65:C200617EUR000000023074,25
:20:940S190314
:25:NL21RABO0123456789 EUR
:28C:31201/1
:60F:C200618EUR000000023074,25
:61:200618C0000000000281,0N216NONREF//BI909096168877-0
:86:/PREF/987602019/TRCD/178/INIT//NAME/RABO FD/ISDT/2019-03-14
:61:200618D0000000000027,0N216NONREF//BI909096168877-0
:86:/PREF/987602019/TRCD/178/INIT//NAME/RABO FD/ISDT/2019-03-14
:62F:C200618EUR000000023328,25
:64:C200618EUR000000023328,25
:65:C200618EUR000000023328,25
:65:C200618EUR000000023328,25
:65:C200618EUR000000023328,25
:65:C200618EUR000000023328,25
:20:940S190314
:25:NL21RABO0123456789 EUR
:28C:31301/1
:60F:C200619EUR000000023328,25
:61:200619C0000000000203,0N216NONREF//BI909096168877-0
:86:/PREF/987602019/TRCD/178/INIT//NAME/RABO FD/ISDT/2019-03-14
:61:200619C0000000000031,0N216NONREF//BI909096168877-0
:86:/PREF/987602019/TRCD/178/INIT//NAME/RABO FD/ISDT/2019-03-14
:62F:C200619EUR000000023562,25
:64:C200619EUR000000023562,25
:65:C200619EUR000000023562,25
:65:C200619EUR000000023562,25
:65:C200619EUR000000023562,25
:65:C200619EUR000000023562,25
:20:940S190314
:25:NL21RABO0123456789 EUR
:28C:31401/1
:60F:C200620EUR000000023562,25
:61:200620C0000000000023,0N216NONREF//BI909096168877-0
:86:/PREF/987602019/TRCD/178/INIT//NAME/RABO FD/ISDT/2019-03-14
:61:200620D0000000000078,0N216NONREF//BI909096168877-0
:86:/PREF/987602019/TRCD/178/INIT//NAME/RABO FD/ISDT/2019-03-14
:62F:C200620EUR000000023507,25
:64:C200620EUR000000023507,25
:65:C200620EUR000000023507,25
:65:C200620EUR000000023507,25
:65:C200620EUR000000023507,25
:65:C200620EUR000000023507,25
:20:940S190314
:25:NL21RABO0123456789 EUR
:28C:31501/1
:60F:C200621EUR000000023507,25
:61:200621C0000000000099,0N216NONREF//BI909096168877-0
:86:/PREF/987602019/TRCD/178/INIT//NAME/RABO FD/ISDT/2019-03-14
:61:200621C0000000000150,0N216NONREF//BI909096168877-0
:86:/PREF/987602019/TRCD/178/INIT//NAME/RABO FD/ISDT/2019-03-14
:62F:C200621EUR000000023756,25
:64:C200621EUR000000023756,25
:65:C200621EUR000000023756,25
:65:C200621EUR000000023756,25
:65:C200621EUR000000023756,25
:65:C200621EUR000000023756,25
:20:940S190314
:25:NL21RABO0123456789 EUR
:28C:31601/1
:60F:C200622EUR000000023756,25
:61:200622C0000000000282,0N216NONREF//BI909096168877-0
:86:/PREF/987602019/TRCD/178/INIT//NAME/RABO FD/ISDT/2019-03-14
:61:200622D0000000000167,0N216NONREF//BI909096168877-0
:86:/PREF/987602019/TRCD/178/INIT//NAME/RABO FD/ISDT/2019-03-14
:62F:C200622EUR000000023871,25
:64:C200622EUR000000023871,25
:65:C200622EUR000000023871,25
:65:C200622EUR000000023871,25
:65:C200622EUR000000023871,25
:65:C200622EUR000000023871,25
:20:940S190314
:25:NL21RABO0123456789 EUR
:28C:31701/1
:60F:C200623EUR000000023871,25
:61:200623C0000000000140,0N216NONREF//BI909096168877-0
:86:/PREF/987602019/TRCD/178/INIT//NAME/RABO FD/ISDT/2019-03-14
:61:200623C0000000000070,0N216NONREF//BI909096168877-0
:86:/PREF/987602019/TRCD/178/INIT//NAME/RABO FD/ISDT/2019-03-14
:62F:C200623EUR000000024081,25
:64:C200623EUR000000024081,25
:65:C200623EUR000000024081,25
:65:C200623EUR000000024081,25
:65:C200623EUR000000024081,25
:65:C200623EUR000000024081,25
:20:940S190314
:25:NL21RABO0123456789 EUR
:28C:31801/1
:60F:C200624EUR000000024081,25
:61:200624C0000000000165,0N216NONREF//BI909096168877-0
:86:/PREF/987602019/TRCD/178/INIT//NAME/RABO FD/ISDT/2019-03-14
:61:200624D0000000000205,0N216NONREF//BI909096168877-0
:86:/PREF/987602019/TRCD/178/INIT//NAME/RABO FD/ISDT/2019-03-14
:62F:C200624EUR000000024041,25
:64:C200624EUR000000024041,25
:65:C200624EUR000000024041,25
:65:C200624EUR000000024041,25
:65:C200624EUR000000024041,25
:65:C200624EUR000000024041,25
:20:940S190314
:25:NL21RABO0123456789 EUR
:28C:31901/1
:60F:C200625EUR000000024041,25
:61:200625C0000000000257,0N216NONREF//BI909096168877-0
:86:/PREF/987602019/TRCD/178/INIT//NAME/RABO FD/ISDT/2019-03-14
:61:200625C0000000000136,0N216NONREF//BI909096168877-0
:86:/PREF/987602019/TRCD/178/INIT//NAME/RABO FD/ISDT/2019-03-14
:62F:C200625EUR000000024434,25
:64:C200625EUR000000024434,25
:65:C200625EUR000000024434,25
:65:C200625EUR000000024434,25
:65:C200625EUR000000024434,25
:65:C200625EUR000000024434,25
:20:940S190314
:25:NL21RABO0123456789 EUR
:28C:32001/1
:60F:C200626EUR000000024434,25
:61:200626C0000000000097,0N216NONREF//BI909096168877-0
:86:/PREF/987602019/TRCD/178/INIT//NAME/RABO FD/ISDT/2019-03-14
:61:200626D0000000000184,0N216NONREF//BI909096168877-0
:86:/PREF/987602019/TRCD/178/INIT//NAME/RABO FD/ISDT/2019-03-14
:62F:C200626EUR000000024347,25
:64:C200626EUR000000024347,25
:65:C200626EUR000000024347,25
:65:C200626EUR000000024347,25
:65:C200626EUR000000024347,25
:65:C200626EUR000000024347,25
:20:940S190314
:25:NL21RABO0123456789 EUR
:28C:32101/1
:60F:C200627EUR000000024347,25
:61:200627C0000000000255,0N216NONREF//BI909096168877-0
:86:/PREF/987602019/TRCD/178/INIT//NAME/RABO FD/ISDT/2019-03-14
:61:200627C0000000000250,0N216NONREF//BI909096168877-0
:86:/PREF/987602019/TRCD/178/INIT//NAME/RABO FD/ISDT/2019-03-14
:62F:C200627EUR000000024852,25
:64:C200627EUR000000024852,25
:65:C200627EUR000000024852,25
:65:C200627EUR000000024852,25
:65:C200627EUR000000024852,25
:65:C200627EUR000000024852,25
:20:940S190314
:25:NL21RABO0123456789 EUR
:28C:32201/1
:60F:C200628EUR000000024852,25
:61:200628C0000000000111,0N216NONREF//BI909096168877-0
:86:/PREF/987602019/TRCD/178/INIT//NAME/RABO FD/ISDT/2019-03-14
:61:200628D0000000000182,0N216NONREF//BI909096168877-0
:86:/PREF/987602019/TRCD/178/INIT//NAME/RABO FD/ISDT/2019-03-14
:62F:C200628EUR000000024781,25
:64:C200628EUR000000024781,25
:65:C200628EUR000000024781,25
:65:C200628EUR000000024781,25
:65:C200628EUR000000024781,25
:65:C200628EUR000000024781,25
:20:940S190314
:25:NL21RABO0123456789 EUR
:28C:32301/1
:60F:C200629EUR000000024781,25
:61:200629C0000000000174,0N216NONREF//BI909096168877-0
:86:/PREF/987602019/TRCD/178/INIT//NAME/RABO FD/ISDT/2019-03-14
:61:200629C0000000000034,0N216NONREF//BI909096168877-0
:86:/PREF/987602019/TRCD/178/INIT//NAME/RABO FD/ISDT/2019-03-14
:62F:C200629EUR000000024989,25
:64:C200629EUR000000024989,25
:65:C200629EUR000000024989,25
:65:C200629EUR000000024989,25
:65:C200629EUR000000024989,25
:65:C200629EUR000000024989,25
:20:940S190314
:25:NL21RABO0123456789 EUR
:28C:32401/1
:60F:C200630EUR000000024989,25
:61:200630C0000000000171,0N216NONREF//BI909096168877-0
:86:/PREF/987602019/TRCD/178/INIT//NAME/RABO FD/ISDT/2019-03-14
:61:200630D0000000000249,0N216NONREF//BI909096168877-0
:86:/PREF/987602019/TRCD/178/INIT//NAME/RABO FD/ISDT/2019-03-14
:62F:C200630EUR000000024911,25
:64:C200630EUR000000024911,25
:65:C200630EUR000000024911,25
:65:C200630EUR000000024911,25
:65:C200630EUR000000024911,25
:65:C200630EUR000000024911,25
:20:940S190314
:25:NL21RABO0123456789 EUR
:28C:32501/1
:60F:C200701EUR000000024911,25
:61:200701C0000000000078,0N216NONREF//BI909096168877-0
:86:/PREF/987602019/TRCD/178/INIT//NAME/RABO FD/ISDT/2019-03-14
:61:200701C0000000000281,0N216NONREF//BI909096168877-0
:86:/PREF/987602019/TRCD/178/INIT//NAME/RABO FD/ISDT/2019-03-14
:62F:C200701EUR000000025270,25
:64:C200701EUR000000025270,25
:65:C200701EUR000000025270,25
:65:C200701EUR000000025270,25
:65:C200701EUR000000025270,25
:65:C200701EUR000000025270,25
:20:940S190314
:25:NL21RABO0123456789 EUR
:28C:32601/1
:60F:C200702EUR000000025270,25
:61:200702C0000000000027,0N216NONREF//BI909096168877-0
:86:/PREF/987602019/TRCD/178/INIT//NAME/RABO FD/ISDT/2019-03-14
:61:200702D0000000000203,0N216NONREF//BI909096168877-0
:86:/PREF/987602019/TRCD/178/INIT//NAME/RABO FD/ISDT/2019-03-14
:62F:C200702EUR000000025094,25
:64:C200702EUR000000025094,25
:65:C200702EUR000000025094,25
:65:C200702EUR000000025094,25
:65:C200702EUR000000025094,25
:65:C200702EUR000000025094,25
:20:940S190314
:25:NL21RABO0123456789 EUR
:28C:32701/1
:60F:C200703EUR000000025094,25
:61:200703C0000000000031,0N216NONREF//BI909096168877-0
:86:/PREF/987602019/TRCD/178/INIT//NAME/RABO FD/ISDT/2019-03-14
:61:200703C0000000000023,0N216NONREF//BI909096168877-0
:86:/PREF/987602019/TRCD/178/INIT//NAME/RABO FD/ISDT/2019-03-14
:62F:C200703EUR000000025148,25
:64:C200703EUR000000025148,25
:65:C200703EUR000000025148,25
:65:C200703EUR000000025148,25
:65:C200703EUR000000025148,25
:65:C200703EUR000000025148,25
:20:940S190314
:25:NL21RABO0123456789 EUR
:28C:32801/1
:60F:C200704EUR000000025148,25
:61:200704C0000000000078,0N216NONREF//BI909096168877-0
:86:/PREF/987602019/TRCD/178/INIT//NAME/RABO FD/ISDT/2019-03-14
:61:200704D0000000000099,0N216NONREF//BI909096168877-0
:86:/PREF/987602019/TRCD/178/INIT//NAME/RABO FD/ISDT/2019-03-14
:62F:C200704EUR000000025127,25
:64:C200704EUR000000025127,25
:65:C200704EUR000000025127,25
:65:C200704EUR000000025127,25
:65:C200704EUR000000025127,25
:65:C200704EUR000000025127,25
:20:940S190314
:25:NL21RABO0123456789 EUR
:28C:32901/1
:60F:C200705EUR000000025127,25
:61:200705C0000000000150,0N216NONREF//BI909096168877-0
:86:/PREF/987602019/TRCD/178/INIT//NAME/RABO FD/ISDT/2019-03-14
:61:200705C0000000000282,0N216NONREF//BI909096168877-0
:86:/PREF/987602019/TRCD/178/INIT//NAME/RABO FD/ISDT/2019-03-14
:62F:C200705EUR000000025559,25
:64:C200705EUR000000025559,25
:65:C200705EUR000000025559,25
:65:C200705EUR000000025559,25
:65:C200705EUR000000025559,25
:65:C200705EUR000000025559,25
:20:940S190314
:25:NL21RABO0123456789 EUR
:28C:33001/1
:60F:C200706EUR000000025559,25
:61:200706C0000000000167,0N216NONREF//BI909096168877-0
:86:/PREF/987602019/TRCD/178/INIT//NAME/RABO FD/ISDT/2019-03-14
:61:200706D0000000000140,0N216NONREF//BI909096168877-0
:86:/PREF/987602019/TRCD/178/INIT//NAME/RABO FD/ISDT/2019-03-14
:62F:C200706EUR000000025586,25
:64:C200706EUR000000025586,25
:65:C200706EUR000000025586,25
:65:C200706EUR000000025586,25
:65:C200706EUR000000025586,25
:65:C200706EUR000000025586,25
:20:940S190314
:25:NL21RABO0123456789 EUR
:28C:33101/1
:60F:C200707EUR000000025586,25
:61:200707C0000000000070,0N216NONREF//BI909096168877-0
:86:/PREF/987602019/TRCD/178/INIT//NAME/RABO FD/ISDT/2019-03-14
:61:200707C0000000000165,0N216NONREF//BI909096168877-0
:86:/PREF/987602019/TRCD/178/INIT//NAME/RABO FD/ISDT/2019-03-14
:62F:C200707EUR000000025821,25
:64:C200707EUR000000025821,25
:65:C200707EUR000000025821,25
:65:C200707EUR000000025821,25
:65:C200707EUR000000025821,25
:65:C200707EUR000000025821,25
:20:940S190314
:25:NL21RABO0123456789 EUR
:28C:33201/1
:60F:C200708EUR000000025821,25
:61:200708C0000000000205,0N216NONREF//BI909096168877-0
:86:/PREF/987602019/TRCD/178/INIT//NAME/RABO FD/ISDT/2019-03-14
:61:200708D0000000000257,0N216NONREF//BI909096168877-0
:86:/PREF/987602019/TRCD/178/INIT//NAME/RABO FD/ISDT/2019-03-14
:62F:C200708EUR000000025769,25
:64:C200708EUR000000025769,25
:65:C200708EUR000000025769,25
:65:C200708EUR000000025769,25
:65:C200708EUR000000025769,25
:65:C200708EUR000000025769,25
:20:940S190314
:25:NL21RABO0123456789 EUR
:28C:33301/1
:60F:C200709EUR000000025769,25
:61:200709C0000000000136,0N216NONREF//BI909096168877-0
:86:/PREF/987602019/TRCD/178/INIT//NAME/RABO FD/ISDT/2019-03-14
:61:200709C0000000000097,0N216NONREF//BI909096168877-0
:86:/PREF/987602019/TRCD/178/INIT//NAME/RABO FD/ISDT/2019-03-14
:62F:C200709EUR000000026002,25
:64:C200709EUR000000026002,25
:65:C200709EUR000000026002,25
:65:C200709EUR000000026002,25
:65:C200709EUR000000026002,25
:65:C200709EUR000000026002,25
:20:940S190314
:25:NL21RABO0123456789 EUR
:28C:33401/1
:60F:C200710EUR000000026002,25
:61:200710C0000000000184,0N216NONREF//BI909096168877-0
:86:/PREF/987602019/TRCD/178/INIT//NAME/RABO FD/ISDT/2019-03-14
:61:200710D0000000000255,0N216NONREF//BI909096168877-0
:86:/PREF/987602019/TRCD/178/INIT//NAME/RABO FD/ISDT/2019-03-14
:62F:C200710EUR000000025931,25
:64:C200710EUR000000025931,25
:65:C200710EUR000000025931,25
:65:C200710EUR000000025931,25
:65:C200710EUR000000025931,25
:65:C200710EUR000000025931,25
:20:940S190314
:25:NL21RABO0123456789 EUR
:28C:33501/1
:60F:C200711EUR000000025931,25
:61:200711C0000000000250,0N216NONREF//BI909096168877-0
:86:/PREF/987602019/TRCD/178/INIT//NAME/RABO FD/ISDT/2019-03-14
:61:200711C0000000000111,0N216NONREF//BI909096168877-0
:86:/PREF/987602019/TRCD/178/INIT//NAME/RABO FD/ISDT/2019-03-14
:62F:C200711EUR000000026292,25
:64:C200711EUR000000026292,25
:65:C200711EUR000000026292,25
:65:C200711EUR000000026292,25
:65:C200711EUR000000026292,25
:65:C200711EUR000000026292,25
:20:940S190314
:25:NL21RABO0123456789 EUR
:28C:33601/1
:60F:C200712EUR000000026292,25
:61:200712C0000000000182,0N216NONREF//BI909096168877-0
:86:/PREF/987602019/TRCD/178/INIT//NAME/RABO FD/ISDT/2019-03-14
:61:200712D0000000000174,0N216NONREF//BI909096168877-0
:86:/PREF/987602019/TRCD/178/INIT//NAME/RABO FD/ISDT/2019-03-14
:62F:C200712EUR000000026300,25
:64:C200712EUR000000026300,25
:65:C200712EUR000000026300,25
:65:C200712EUR000000026300,25
:65:C200712EUR000000026300,25
:65:C200712EUR000000026300,25
:20:940S190314
:25:NL21RABO0123456789 EUR
:28C:33701/1
:60F:C200713EUR000000026300,25
:61:200713C0000000000034,0N216NONREF//BI909096168877-0
:86:/PREF/987602019/TRCD/178/INIT//NAME/RABO FD/ISDT/2019-03-14
:61:200713C0000000000171,0N216NONREF//BI909096168877-0
:86:/PREF/987602019/TRCD/178/INIT//NAME/RABO FD/ISDT/2019-03-14
:62F:C200713EUR000000026505,25
:64:C200713EUR000000026505,25
:65:C200713EUR000000026505,25
:65:C200713EUR000000026505,25
:65:C200713EUR000000026505,25
:65:C200713EUR000000026505,25
:20:940S190314
:25:NL21RABO0123456789 EUR
:28C:33801/1
:60F:C200714EUR000000026505,25
:61:200714C0000000000249,0N216NONREF//BI909096168877-0
:86:/PREF/987602019/TRCD/178/INIT//NAME/RABO FD/ISDT/2019-03-14
:61:200714D0000000000078,0N216NONREF//BI909096168877-0
:86:/PREF/987602019/TRCD/178/INIT//NAME/RABO FD/ISDT/2019-03-14
:62F:C200714EUR000000026676,25
:64:C200714EUR000000026676,25
:65:C200714EUR000000026676,25
:65:C200714EUR000000026676,25
:65:C200714EUR000000026676,25
:65:C200714EUR000000026676,25
:20:940S190314
:25:NL21RABO0123456789 EUR
:28C:33901/1
:60F:C200715EUR000000026676,25
:61:200715C0000000000281,0N216NONREF//BI909096168877-0
:86:/PREF/987602019/TRCD/178/INIT//NAME/RABO FD/ISDT/2019-03-14
:61:200715C0000000000027,0N216NONREF//BI909096168877-0
:86:/PREF/987602019/TRCD/178/INIT//NAME/RABO FD/ISDT/2019-03-14
:62F:C200715EUR000000026984,25
:64:C200715EUR000000026984,25
:65:C200715EUR000000026984,25
:65:C200715EUR000000026984,25
:65:C200715EUR000000026984,25
:65:C200715EUR000000026984,25
:20:940S190314
:25:NL21RABO0123456789 EUR
:28C:34001/1
:60F:C200716EUR000000026984,25
:61:200716C0000000000203,0N216NONREF//BI909096168877-0
:86:/PREF/987602019/TRCD/178/INIT//NAME/RABO FD/ISDT/2019-03-14
:61:200716D0000000000031,0N216NONREF//BI909096168877-0
:86:/PREF/987602019/TRCD/178/INIT//NAME/RABO FD/ISDT/2019-03-14
:62F:C200716EUR000000027156,25
:64:C200716EUR000000027156,25
:65:C200716EUR000000027156,25
:65:C200716EUR000000027156,25
:65:C200716EUR000000027156,25
:65:C200716EUR000000027156,25
:20:940S190314
:25:NL21RABO0123456789 EUR
:28C:34101/1
:60F:C200717EUR000000027156,25
:61:200717C0000000000023,0N216NONREF//BI909096168877-0
:86:/PREF/987602019/TRCD/178/INIT//NAME/RABO FD/ISDT/2019-03-14
:61:200717C0000000000078,0N216NONREF//BI909096168877-0
:86:/PREF/987602019/TRCD/178/INIT//NAME/RABO FD/ISDT/2019-03-14
:62F:C200717EUR000000027257,25
:64:C200717EUR000000027257,25
:65:C200717EUR000000027257,25
:65:C200717EUR000000027257,25
:65:C200717EUR000000027257,25
:65:C200717EUR000000027257,25
:20:940S190314
:25:NL21RABO0123456789 EUR
:28C:34201/1
:60F:C200718EUR000000027257,25
:61:200718C0000000000099,0N216NONREF//BI909096168877-0
:86:/PREF/987602019/TRCD/178/INIT//NAME/RABO FD/ISDT/2019-03-14
:61:200718D0000000000150,0N216NONREF//BI909096168877-0
:86:/PREF/987602019/TRCD/178/INIT//NAME/RABO FD/ISDT/2019-03-14
:62F:C200718EUR000000027206,25
:64:C200718EUR000000027206,25
:65:C200718EUR000000027206,25
:65:C200718EUR000000027206,25
:65:C200718EUR000000027206,25
:65:C200718EUR000000027206,25
:20:940S190314
:25:NL21RABO0123456789 EUR
:28C:34301/1
:60F:C200719EUR000000027206,25
:61:200719C0000000000282,0N216NONREF//BI909096168877-0
:86:/PREF/987602019/TRCD/178/INIT//NAME/RABO FD/ISDT/2019-03-14
:61:200719C0000000000167,0N216NONREF//BI909096168877-0
:86:/PREF/987602019/TRCD/178/INIT//NAME/RABO FD/ISDT/2019-03-14
:62F:C200719EUR000000027655,25
:64:C200719EUR000000027655,25
:65:C200719EUR000000027655,25
:65:C200719EUR000000027655,25
:65:C200719EUR000000027655,25
:65:C200719EUR000000027655,25
:20:940S190314
:25:NL21RABO0123456789 EUR
:28C:34401/1
:60F:C200720EUR000000027655,25
:61:200720C0000000000140,0N216NONREF//BI909096168877-0
:86:/PREF/987602019/TRCD/178/INIT//NAME/RABO FD/ISDT/2019-03-14
:61:200720D0000000000070,0N216NONREF//BI909096168877-0
:86:/PREF/987602019/TRCD/178/INIT//NAME/RABO FD/ISDT/2019-03-14
:62F:C200720EUR000000027725,25
:64:C200720EUR000000027725,25
:65:C200720EUR000000027725,25
:65:C200720EUR000000027725,25
:65:C200720EUR000000027725,25
:65:C200720EUR000000027725,25
:20:940S190314
:25:NL21RABO0123456789 EUR
:28C:34501/1
:60F:C200721EUR000000027725,25
:61:200721C0000000000165,0N216NONREF//BI909096168877-0
:86:/PREF/987602019/TRCD/178/INIT//NAME/RABO FD/ISDT/2019-03-14
:61:200721C0000000000205,0N216NONREF//BI909096168877-0
:86:/PREF/987602019/TRCD/178/INIT//NAME/RABO FD/ISDT/2019-03-14
:62F:C200721EUR000000028095,25
:64:C200721EUR000000028095,25
:65:C200721EUR000000028095,25
:65:C200721EUR000000028095,25
:65:C200721EUR000000028095,25
:65:C200721EUR000000028095,25
:20:940S190314
:25:NL21RABO0123456789 EUR
:28C:34601/1
:60F:C200722EUR000000028095,25
:61:200722C0000000000257,0N216NONREF//BI909096168877-0
:86:/PREF/987602019/TRCD/178/INIT//NAME/RABO FD/ISDT/2019-03-14
:61:200722D0000000000136,0N216NONREF//BI909096168877-0
:86:/PREF/987602019/TRCD/178/INIT//NAME/RABO FD/ISDT/2019-03-14
:62F:C200722EUR000000028216,25
:64:C200722EUR000000028216,25
:65:C200722EUR000000028216,25
:65:C200722EUR000000028216,25
:65:C200722EUR000000028216,25
:65:C200722EUR000000028216,25
:20:940S190314
:25:NL21RABO0123456789 EUR
:28C:34701/1
:60F:C200723EUR000000028216,25
:61:200723C0000000000097,0N216NONREF//BI909096168877-0
:86:/PREF/987602019/TRCD/178/INIT//NAME/RABO FD/ISDT/2019-03-14
:61:200723C0000000000184,0N216NONREF//BI909096168877-0
:86:/PREF/987602019/TRCD/178/INIT//NAME/RABO FD/ISDT/2019-03-14
:62F:C200723EUR000000028497,25
:64:C200723EUR000000028497,25
:65:C200723EUR000000028497,25
:65:C200723EUR000000028497,25
:65:C200723EUR000000028497,25
:65:C200723EUR000000028497,25
:20:940S190314
:25:NL21RABO0123456789 EUR
:28C:34801/1
:60F:C200724EUR000000028497,25
:61:200724C0000000000255,0N216NONREF//BI909096168877-0
:86:/PREF/987602019/TRCD/178/INIT//NAME/RABO FD/ISDT/2019-03-14
:61:200724D0000000000250,0N216NONREF//BI909096168877-0
:86:/PREF/987602019/TRCD/178/INIT//NAME/RABO FD/ISDT/2019-03-14
:62F:C200724EUR000000028502,25
:64:C200724EUR000000028502,25
:65:C200724EUR000000028502,25
:65:C200724EUR000000028502,25
:65:C200724EUR000000028502,25
:65:C200724EUR000000028502,25
:20:940S190314
:25:NL21RABO0123456789 EUR
:28C:34901/1
:60F:C200725EUR000000028502,25
:61:200725C0000000000111,0N216NONREF//BI909096168877-0
:86:/PREF/987602019/TRCD/178/INIT//NAME/RABO FD/ISDT/2019-03-14
:61:200725C0000000000182,0N216NONREF//BI909096168877-0
:86:/PREF/987602019/TRCD/178/INIT//NAME/RABO FD/ISDT/2019-03-14
:62F:C200725EUR000000028795,25
:64:C200725EUR000000028795,25
:65:C200725EUR000000028795,25
:65:C200725EUR000000028795,25
:65:C200725EUR000000028795,25
:65:C200725EUR000000028795,25
:20:940S190314
:25:NL21RABO0123456789 EUR
:28C:35001/1
:60F:C200726EUR000000028795,25
:61:200726C0000000000174,0N216NONREF//BI909096168877-0
:86:/PREF/987602019/TRCD/178/INIT//NAME/RABO FD/ISDT/2019-03-14
:61:200726D0000000000034,0N216NONREF//BI909096168877-0
:86:/PREF/987602019/TRCD/178/INIT//NAME/RABO FD/ISDT/2019-03-14
:62F:C200726EUR000000028935,25
:64:C200726EUR000000028935,25
:65:C200726EUR000000028935,25
:65:C200726EUR000000028935,25
:65:C200726EUR000000028935,25
:65:C200726EUR000000028935,25
:20:940S190314
:25:NL21RABO0123456789 EUR
:28C:35101/1
:60F:C200727EUR000000028935,25
:61:200727C0000000000171,0N216NONREF//BI909096168877-0
:86:/PREF/987602019/TRCD/178/INIT//NAME/RABO FD/ISDT/2019-03-14
:61:200727C0000000000249,0N216NONREF//BI909096168877-0
:86:/PREF/987602019/TRCD/178/INIT//NAME/RABO FD/ISDT/2019-03-14
:62F:C200727EUR000000029355,25
:64:C200727EUR000000029355,25
:65:C200727EUR000000029355,25
:65:C200727EUR000000029355,25
:65:C200727EUR000000029355,25
:65:C200727EUR000000029355,25
:20:940S190314
:25:NL21RABO0123456789 EUR
:28C:35201/1
:60F:C200728EUR000000029355,25
:61:200728C0000000000078,0N216NONREF//BI909096168877-0
:86:/PREF/987602019/TRCD/178/INIT//NAME/RABO FD/ISDT/2019-03-14
:61:200728D0000000000281,0N216NONREF//BI909096168877-0
:86:/PREF/987602019/TRCD/178/INIT//NAME/RABO FD/ISDT/2019-03-14
:62F:C200728EUR000000029152,25
:64:C200728EUR000000029152,25
:65:C200728EUR000000029152,25
:65:C200728EUR000000029152,25
:65:C200728EUR000000029152,25
:65:C200728EUR000000029152,25
:20:940S190314
:25:NL21RABO0123456789 EUR
:28C:35301/1
:60F:C200729EUR000000029152,25
:61:200729C0000000000027,0N216NONREF//BI909096168877-0
:86:/PREF/987602019/TRCD/178/INIT//NAME/RABO FD/ISDT/2019-03-14
:61:200729C0000000000203,0N216NONREF//BI909096168877-0
:86:/PREF/987602019/TRCD/178/INIT//NAME/RABO FD/ISDT/2019-03-14
:62F:C200729EUR000000029382,25
:64:C200729EUR000000029382,25
:65:C200729EUR000000029382,25
:65:C200729EUR000000029382,25
:65:C200729EUR000000029382,25
:65:C200729EUR000000029382,25
:20:940S190314
:25:NL21RABO0123456789 EUR
:28C:35401/1
:60F:C200730EUR000000029382,25
:61:200730C0000000000031,0N216NONREF//BI909096168877-0
:86:/PREF/987602019/TRCD/178/INIT//NAME/RABO FD/ISDT/2019-03-14
:61:200730D0000000000023,0N216NONREF//BI909096168877-0
:86:/PREF/987602019/TRCD/178/INIT//NAME/RABO FD/ISDT/2019-03-14
:62F:C200730EUR000000029390,25
:64:C200730EUR000000029390,25
:65:C200730EUR000000029390,25
:65:C200730EUR000000029390,25
:65:C200730EUR000000029390,25
:65:C200730EUR000000029390,25
:20:940S190314
:25:NL21RABO0123456789 EUR
:28C:35501/1
:60F:C200731EUR000000029390,25
:61:200731C0000000000078,0N216NONREF//BI909096168877-0
:86:/PREF/987602019/TRCD/178/INIT//NAME/RABO FD/ISDT/2019-03-14
:61:200731C0000000000099,0N216NONREF//BI909096168877-0
:86:/PREF/987602019/TRCD/178/INIT//NAME/RABO FD/ISDT/2019-03-14
:62F:C200731EUR000000029567,25
:64:C200731EUR000000029567,25
:65:C200731EUR000000029567,25
:65:C200731EUR000000029567,25
:65:C200731EUR000000029567,25
:65:C200731EUR000000029567,25
:20:940S190314
:25:NL21RABO0123456789 EUR
:28C:35601/1
:60F:C200801EUR000000029567,25
:61:200801C0000000000150,0N216NONREF//BI909096168877-0
:86:/PREF/987602019/TRCD/178/INIT//NAME/RABO FD/ISDT/2019-03-14
:61:200801D0000000000282,0N216NONREF//BI909096168877-0
:86:/PREF/987602019/TRCD/178/INIT//NAME/RABO FD/ISDT/2019-03-14
:62F:C200801EUR000000029435,25
:64:C200801EUR000000029435,25
:65:C200801EUR000000029435,25
:65:C200801EUR000000029435,25
:65:C200801EUR000000029435,25
:65:C200801EUR000000029435,25
:20:940S190314
:25:NL21RABO0123456789 EUR
:28C:35701/1
:60F:C200802EUR000000029435,25
:61:200802C0000000000167,0N216NONREF//BI909096168877-0
:86:/PREF/987602019/TRCD/178/INIT//NAME/RABO FD/ISDT/2019-03-14
:61:200802C0000000000140,0N216NONREF//BI909096168877-0
:86:/PREF/987602019/TRCD/178/INIT//NAME/RABO FD/ISDT/2019-03-14
:62F:C200802EUR000000029742,25
:64:C200802EUR000000029742,25
:65:C200802EUR000000029742,25
:65:C200802EUR000000029742,25
:65:C200802EUR000000029742,25
:65:C200802EUR000000029742,25
:20:940S190314
:25:NL21RABO0123456789 EUR
:28C:35801/1
:60F:C200803EUR000000029742,25
:61:200803C0000000000070,0N216NONREF//BI909096168877-0
:86:/PREF/987602019/TRCD/178/INIT//NAME/RABO FD/ISDT/2019-03-14
:61:200803D0000000000165,0N216NONREF//BI909096168877-0
:86:/PREF/987602019/TRCD/178/INIT//NAME/RABO FD/ISDT/2019-03-14
:62F:C200803EUR000000029647,25
:64:C200803EUR000000029647,25
:65:C200803EUR000000029647,25
:65:C200803EUR000000029647,25
:65:C200803EUR000000029647,25
:65:C200803EUR000000029647,25
:20:940S190314
:25:NL21RABO0123456789 EUR
:28C:35901/1
:60F:C200804EUR000000029647,25
:61:200804C0000000000205,0N216NONREF//BI909096168877-0
:86:/PREF/987602019/TRCD/178/INIT//NAME/RABO FD/ISDT/2019-03-14
:61:200804C0000000000257,0N216NONREF//BI909096168877-0
:86:/PREF/987602019/TRCD/178/INIT//NAME/RABO FD/ISDT/2019-03-14
:62F:C200804EUR000000030109,25
:64:C200804EUR000000030109,25
:65:C200804EUR000000030109,25
:65:C200804EUR000000030109,25
:65:C200804EUR000000030109,25
:65:C200804EUR000000030109,25
:20:940S190314
:25:NL21RABO0123456789 EUR
:28C:36001/1
:60F:C200805EUR000000030109,25
:61:200805C0000000000136,0N216NONREF//BI909096168877-0
:86:/PREF/987602019/TRCD/178/INIT//NAME/RABO FD/ISDT/2019-03-14
:61:200805D0000000000097,0N216NONREF//BI909096168877-0
:86:/PREF/987602019/TRCD/178/INIT//NAME/RABO FD/ISDT/2019-03-14
:62F:C200805EUR000000030148,25
:64:C200805EUR000000030148,25
:65:C200805EUR000000030148,25
:65:C200805EUR000000030148,25
:65:C200805EUR000000030148,25
:65:C200805EUR000000030148,25
:20:940S190314
:25:NL21RABO0123456789 EUR
:28C:36101/1
:60F:C200806EUR000000030148,25
:61:200806C0000000000184,0N216NONREF//BI909096168877-0
:86:/PREF/987602019/TRCD/178/INIT//NAME/RABO FD/ISDT/2019-03-14
:61:200806C0000000000255,0N216NONREF//BI909096168877-0
:86:/PREF/987602019/TRCD/178/INIT//NAME/RABO FD/ISDT/2019-03-14
:62F:C200806EUR000000030587,25
:64:C200806EUR000000030587,25
:65:C200806EUR000000030587,25
:65:C200806EUR000000030587,25
:65:C200806EUR000000030587,25
:65:C200806EUR000000030587,25
:20:940S190314
:25:NL21RABO0123456789 EUR
:28C:36201/1
:60F:C200807EUR000000030587,25
:61:200807C0000000000250,0N216NONREF//BI909096168877-0
:86:/PREF/987602019/TRCD/178/INIT//NAME/RABO FD/ISDT/2019-03-14
:61:200807D0000000000111,0N216NONREF//BI909096168877-0
:86:/PREF/987602019/TRCD/178/INIT//NAME/RABO FD/ISDT/2019-03-14
:62F:C200807EUR000000030726,25
:64:C200807EUR000000030726,25
:65:C200807EUR000000030726,25
:65:C200807EUR000000030726,25
:65:C200807EUR000000030726,25
:65:C200807EUR000000030726,25
:20:940S190314
:25:NL21RABO0123456789 EUR
:28C:36301/1
:60F:C200808EUR000000030726,25
:61:200808C0000000000182,0N216NONREF//BI909096168877-0
:86:/PREF/987602019/TRCD/178/INIT//NAME/RABO FD/ISDT/2019-03-14
:61:200808C0000000000174,0N216NONREF//BI909096168877-0
:86:/PREF/987602019/TRCD/178/INIT//NAME/RABO FD/ISDT/2019-03-14
:62F:C200808EUR000000031082,25
:64:C200808EUR000000031082,25
:65:C200808EUR000000031082,25
:65:C200808EUR000000031082,25
:65:C200808EUR000000031082,25
:65:C200808EUR000000031082,25
:20:940S190314
:25:NL21RABO0123456789 EUR
:28C:36401/1
:60F:C200809EUR000000031082,25
:61:200809C0000000000034,0N216NONREF//BI909096168877-0
:86:/PREF/987602019/TRCD/178/INIT//NAME/RABO FD/ISDT/2019-03-14
:61:200809D0000000000171,0N216NONREF//BI909096168877-0
:86:/PREF/987602019/TRCD/178/INIT//NAME/RABO FD/ISDT/2019-03-14
:62F:C200809EUR000000030945,25
:64:C200809EUR000000030945,25
:65:C200809EUR000000030945,25
:65:C200809EUR000000030945,25
:65:C200809EUR000000030945,25
:65:C200809EUR000000030945,25
:20:940S190314
:25:NL21RABO0123456789 EUR
:28C:001/1
:60F:C200810EUR000000030945,25
:61:200810C0000000000249,0N216NONREF//BI909096168877-0
:86:/PREF/987602019/TRCD/178/INIT//NAME/RABO FD/ISDT/2019-03-14
:61:200810C0000000000078,0N216NONREF//BI909096168877-0
:86:/PREF/987602019/TRCD/178/INIT//NAME/RABO FD/ISDT/2019-03-14
:62F:C200810EUR000000031272,25
:64:C200810EUR000000031272,25
:65:C200810EUR000000031272,25
:65:C200810EUR000000031272,25
:65:C200810EUR000000031272,25
:65:C200810EUR000000031272,25
:20:940S190314
:25:NL21RABO0123456789 EUR
:28C:101/1
:60F:C200811EUR000000031272,25
:61:200811C0000000000281,0N216NONREF//BI909096168877-0
:86:/PREF/987602019/TRCD/178/INIT//NAME/RABO FD/ISDT/2019-03-14
:61:200811D0000000000027,0N216NONREF//BI909096168877-0
:86:/PREF/987602019/TRCD/178/INIT//NAME/RABO FD/ISDT/2019-03-14
:62F:C200811EUR000000031526,25
:64:C200811EUR000000031526,25
:65:C200811EUR000000031526,25
:65:C200811EUR000000031526,25
:65:C200811EUR000000031526,25
:65:C200811EUR000000031526,25
:20:940S190314
:25:NL21RABO0123456789 EUR
:28C:201/1
:60F:C200812EUR000000031526,25
:61:200812C0000000000203,0N216NONREF//BI909096168877-0
:86:/PREF/987602019/TRCD/178/INIT//NAME/RABO FD/ISDT/2019-03-14
:61:200812C0000000000031,0N216NONREF//BI909096168877-0
:86:/PREF/987602019/TRCD/178/INIT//NAME/RABO FD/ISDT/2019-03-14
:62F:C200812EUR000000031760,25
:64:C200812EUR000000031760,25
:65:C200812EUR000000031760,25
:65:C200812EUR000000031760,25
:65:C200812EUR000000031760,25
:65:C200812EUR000000031760,25
:20:940S190314
:25:NL21RABO0123456789 EUR
:28C:301/1
:60F:C200813EUR000000031760,25
:61:200813C0000000000023,0N216NONREF//BI909096168877-0
:86:/PREF/987602019/TRCD/178/INIT//NAME/RABO FD/ISDT/2019-03-14
:61:200813D0000000000078,0N216NONREF//BI909096168877-0
:86:/PREF/987602019/TRCD/178/INIT//NAME/RABO FD/ISDT/2019-03-14
:62F:C200813EUR000000031705,25
:64:C200813EUR000000031705,25
:65:C200813EUR000000031705,25
:65:C200813EUR000000031705,25
:65:C200813EUR000000031705,25
:65:C200813EUR000000031705,25
:20:940S190314
:25:NL21RABO0123456789 EUR
:28C:401/1
:60F:C200814EUR000000031705,25
:61:200814C0000000000099,0N216NONREF//BI909096168877-0
:86:/PREF/987602019/TRCD/178/INIT//NAME/RABO FD/ISDT/2019-03-14
:61:200814C0000000000150,0N216NONREF//BI909096168877-0
:86:/PREF/987602019/TRCD/178/INIT//NAME/RABO FD/ISDT/2019-03-14
:62F:C200814EUR000000031954,25
:64:C200814EUR000000031954,25
:65:C200814EUR000000031954,25
:65:C200814EUR000000031954,25
:65:C200814EUR000000031954,25
:65:C200814EUR000000031954,25
:20:940S190314
:25:NL21RABO0123456789 EUR
:28C:501/1
:60F:C200815EUR000000031954,25
:61:200815C0000000000282,0N216NONREF//BI909096168877-0
:86:/PREF/987602019/TRCD/178/INIT//NAME/RABO FD/ISDT/2019-03-14
:61:200815D0000000000167,0N216NONREF//BI909096168877-0
:86:/PREF/987602019/TRCD/178/INIT//NAME/RABO FD/ISDT/2019-03-14
:62F:C200815EUR000000032069,25
:64:C200815EUR000000032069,25
:65:C200815EUR000000032069,25
:65:C200815EUR000000032069,25
:65:C200815EUR000000032069,25
:65:C200815EUR000000032069,25
:20:940S190314
:25:NL21RABO0123456789 EUR
:28C:601/1
:60F:C200816EUR000000032069,25
:61:200816C0000000000140,0N216NONREF//BI909096168877-0
:86:/PREF/987602019/TRCD/178/INIT//NAME/RABO FD/ISDT/2019-03-14
:61:200816C0000000000070,0N216NONREF//BI909096168877-0
:86:/PREF/987602019/TRCD/178/INIT//NAME/RABO FD/ISDT/2019-03-14
:62F:C200816EUR000000032279,25
:64:C200816EUR000000032279,25
:65:C200816EUR000000032279,25
:65:C200816EUR000000032279,25
:65:C200816EUR000000032279,25
:65:C200816EUR000000032279,25
:20:940S190314
:25:NL21RABO0123456789 EUR
:28C:701/1
:60F:C200817EUR000000032279,25
:61:200817C0000000000165,0N216NONREF//BI909096168877-0
:86:/PREF/987602019/TRCD/178/INIT//NAME/RABO FD/ISDT/2019-03-14
:61:200817D0000000000205,0N216NONREF//BI909096168877-0
:86:/PREF/987602019/TRCD/178/INIT//NAME/RABO FD/ISDT/2019-03-14
:62F:C200817EUR000000032239,25
:64:C200817EUR000000032239,25
:65:C200817EUR000000032239,25
:65:C200817EUR000000032239,25
:65:C200817EUR000000032239,25
:65:C200817EUR000000032239,25
:20:940S190314
:25:NL21RABO0123456789 EUR
:28C:801/1
:60F:C200818EUR000000032239,25
:61:200818C0000000000257,0N216NONREF//BI909096168877-0
:86:/PREF/987602019/TRCD/178/INIT//NAME/RABO FD/ISDT/2019-03-14
:61:200818C0000000000136,0N216NONREF//BI909096168877-0
:86:/PREF/987602019/TRCD/178/INIT//NAME/RABO FD/ISDT/2019-03-14
:62F:C200818EUR000000032632,25
:64:C200818EUR000000032632,25
:65:C200818EUR000000032632,25
:65:C200818EUR000000032632,25
:65:C200818EUR000000032632,25
:65:C200818EUR000000032632,25
:20:940S190314
:25:NL21RABO0123456789 EUR
:28C:901/1
:60F:C200819EUR000000032632,25
:61:200819C0000000000097,0N216NONREF//BI909096168877-0
:86:/PREF/987602019/TRCD/178/INIT//NAME/RABO FD/ISDT/2019-03-14
:61:200819D0000000000184,0N216NONREF//BI909096168877-0
:86:/PREF/987602019/TRCD/178/INIT//NAME/RABO FD/ISDT/2019-03-14
:62F:C200819EUR000000032545,25
:64:C200819EUR000000032545,25
:65:C200819EUR000000032545,25
:65:C200819EUR000000032545,25
:65:C200819EUR000000032545,25
:65:C200819EUR000000032545,25
:20:940S190314
:25:NL21RABO0123456789 EUR
:28C:1001/1
:60F:C200820EUR000000032545,25
:61:200820C0000000000255,0N216NONREF//BI909096168877-0
:86:/PREF/987602019/TRCD/178/INIT//NAME/RABO FD/ISDT/2019-03-14
:61:200820C0000000000250,0N216NONREF//BI909096168877-0
:86:/PREF/987602019/TRCD/178/INIT//NAME/RABO FD/ISDT/2019-03-14
:62F:C200820EUR000000033050,25
:64:C200820EUR000000033050,25
:65:C200820EUR000000033050,25
:65:C200820EUR000000033050,25
:65:C200820EUR000000033050,25
:65:C200820EUR000000033050,25
:20:940S190314
:25:NL21RABO0123456789 EUR
:28C:1101/1
:60F:C200821EUR000000033050,25
:61:200821C0000000000111,0N216NONREF//BI909096168877-0
:86:/PREF/987602019/TRCD/178/INIT//NAME/RABO FD/ISDT/2019-03-14
:61:200821D0000000000182,0N216NONREF//BI909096168877-0
:86:/PREF/987602019/TRCD/178/INIT//NAME/RABO FD/ISDT/2019-03-14
:62F:C200821EUR000000032979,25
:64:C200821EUR000000032979,25
:65:C200821EUR000000032979,25
:65:C200821EUR000000032979,25
:65:C200821EUR000000032979,25
:65:C200821EUR000000032979,25
:20:940S190314
:25:NL21RABO0123456789 EUR
:28C:1201/1
:60F:C200822EUR000000032979,25
:61:200822C0000000000174,0N216NONREF//BI909096168877-0
:86:/PREF/987602019/TRCD/178/INIT//NAME/RABO FD/ISDT/2019-03-14
:61:200822C0000000000034,0N216NONREF//BI909096168877-0
:86:/PREF/987602019/TRCD/178/INIT//NAME/RABO FD/ISDT/2019-03-14
:62F:C200822EUR000000033187,25
:64:C200822EUR000000033187,25
:65:C200822EUR000000033187,25
:65:C200822EUR000000033187,25
:65:C200822EUR000000033187,25
:65:C200822EUR000000033187,25
:20:940S190314
:25:NL21RABO0123456789 EUR
:28C:1301/1
:60F:C200823EUR000000033187,25
:61:200823C0000000000171,0N216NONREF//BI909096168877-0
:86:/PREF/987602019/TRCD/178/INIT//NAME/RABO FD/ISDT/2019-03-14
:61:200823D0000000000249,0N216NONREF//BI909096168877-0
:86:/PREF/987602019/TRCD/178/INIT//NAME/RABO FD/ISDT/2019-03-14
:61:200823C0000000000255,0N216NONREF//BI909096168877-0
:86:/PREF/987602019/TRCD/178/INIT//NAME/RABO FD/ISDT/2019-03-14
:62F:C200823EUR000000033364,25
:64:C200823EUR000000033364,25
:65:C200823EUR000000033364,25
:65:C200823EUR000000033364,25
:65:C200823EUR000000033364,25
:65:C200823EUR000000033364,25
:20:940S190314
:25:NL21RABO0123456789 EUR
:28C:1401/1
:60F:C200824EUR000000033364,25
:61:200824C0000000000250,0N216NONREF//BI909096168877-0
:86:/PREF/987602019/TRCD/178/INIT//NAME/RABO FD/ISDT/2019-03-14
:61:200824D0000000000111,0N216NONREF//BI909096168877-0
:86:/PREF/987602019/TRCD/178/INIT//NAME/RABO FD/ISDT/2019-03-14
:62F:C200824EUR000000033503,25
:64:C200824EUR000000033503,25
:65:C200824EUR000000033503,25
:65:C200824EUR000000033503,25
:65:C200824EUR000000033503,25
:65:C200824EUR000000033503,25
:20:940S190314
:25:NL21RABO0123456789 EUR
:28C:1501/1
:60F:C200825EUR000000033503,25
:61:200825C0000000000182,0N216NONREF//BI909096168877-0
:86:/PREF/987602019/TRCD/178/INIT//NAME/RABO FD/ISDT/2019-03-14
:61:200825C0000000000174,0N216NONREF//BI909096168877-0
:86:/PREF/987602019/TRCD/178/INIT//NAME/RABO FD/ISDT/2019-03-14
:62F:C200825EUR000000033859,25
:64:C200825EUR000000033859,25
:65:C200825EUR000000033859,25
:65:C200825EUR000000033859,25
:65:C200825EUR000000033859,25
:65:C200825EUR000000033859,25
:20:940S190314
:25:NL21RABO0123456789 EUR
:28C:1601/1
:60F:C200826EUR000000033859,25
:61:200826C0000000000034,0N216NONREF//BI909096168877-0
:86:/PREF/987602019/TRCD/178/INIT//NAME/RABO FD/ISDT/2019-03-14
:61:200826D0000000000171,0N216NONREF//BI909096168877-0
:86:/PREF/987602019/TRCD/178/INIT//NAME/RABO FD/ISDT/2019-03-14
:62F:C200826EUR000000033722,25
:64:C200826EUR000000033722,25
:65:C200826EUR000000033722,25
:65:C200826EUR000000033722,25
:65:C200826EUR000000033722,25
:65:C200826EUR000000033722,25
:20:940S190314
:25:NL21RABO0123456789 EUR
:28C:1701/1
:60F:C200827EUR000000033722,25
:61:200827C0000000000249,0N216NONREF//BI909096168877-0
:86:/PREF/987602019/TRCD/178/INIT//NAME/RABO FD/ISDT/2019-03-14
:61:200827C0000000000078,0N216NONREF//BI909096168877-0
:86:/PREF/987602019/TRCD/178/INIT//NAME/RABO FD/ISDT/2019-03-14
:61:200827C0000000000281,0N216NONREF//BI909096168877-0
:86:/PREF/987602019/TRCD/178/INIT//NAME/RABO FD/ISDT/2019-03-14
:62F:C200827EUR000000034330,25
:64:C200827EUR000000034330,25
:65:C200827EUR000000034330,25
:65:C200827EUR000000034330,25
:65:C200827EUR000000034330,25
:65:C200827EUR000000034330,25
:20:940S190314
:25:NL21RABO0123456789 EUR
:28C:1801/1
:60F:C200828EUR000000034330,25
:61:200828D0000000000027,0N216NONREF//BI909096168877-0
:86:/PREF/987602019/TRCD/178/INIT//NAME/RABO FD/ISDT/2019-03-14
:61:200828C0000000000203,0N216NONREF//BI909096168877-0
:86:/PREF/987602019/TRCD/178/INIT//NAME/RABO FD/ISDT/2019-03-14
:62F:C200828EUR000000034506,25
:64:C200828EUR000000034506,25
:65:C200828EUR000000034506,25
:65:C200828EUR000000034506,25
:65:C200828EUR000000034506,25
:65:C200828EUR000000034506,25
:20:940S190314
:25:NL21RABO0123456789 EUR
:28C:1901/1
:60F:C200829EUR000000034506,25
:61:200829C0000000000031,0N216NONREF//BI909096168877-0
:86:/PREF/987602019/TRCD/178/INIT//NAME/RABO FD/ISDT/2019-03-14
:61:200829C0000000000023,0N216NONREF//BI909096168877-0
:86:/PREF/987602019/TRCD/178/INIT//NAME/RABO FD/ISDT/2019-03-14
:62F:C200829EUR000000034560,25
:64:C200829EUR000000034560,25
:65:C200829EUR000000034560,25
:65:C200829EUR000000034560,25
:65:C200829EUR000000034560,25
:65:C200829EUR000000034560,25
:20:940S190314
:25:NL21RABO0123456789 EUR
:28C:2001/1
:60F:C200830EUR000000034560,25
:61:200830D0000000000078,0N216NONREF//BI909096168877-0
:86:/PREF/987602019/TRCD/178/INIT//NAME/RABO FD/ISDT/2019-03-14
:61:200830C0000000000099,0N216NONREF//BI909096168877-0
:86:/PREF/987602019/TRCD/178/INIT//NAME/RABO FD/ISDT/2019-03-14
:62F:C200830EUR000000034581,25
:64:C200830EUR000000034581,25
:65:C200830EUR000000034581,25
:65:C200830EUR000000034581,25
:65:C200830EUR000000034581,25
:65:C200830EUR000000034581,25
:20:940S190314
:25:NL21RABO0123456789 EUR
:28C:2101/1
:60F:C200831EUR000000034581,25
:61:200831C0000000000150,0N216NONREF//BI909096168877-0
:86:/PREF/987602019/TRCD/178/INIT//NAME/RABO FD/ISDT/2019-03-14
:61:200831C0000000000282,0N216NONREF//BI909096168877-0
:86:/PREF/987602019/TRCD/178/INIT//NAME/RABO FD/ISDT/2019-03-14
:61:200831D0000000000167,0N216NONREF//BI909096168877-0
:86:/PREF/987602019/TRCD/178/INIT//NAME/RABO FD/ISDT/2019-03-14
:62F:C200831EUR000000034846,25
:64:C200831EUR000000034846,25
:65:C200831EUR000000034846,25
:65:C200831EUR000000034846,25
:65:C200831EUR000000034846,25
:65:C200831EUR000000034846,25
:20:940S190314
:25:NL21RABO0123456789 EUR
:28C:2201/1
:60F:C200901EUR000000034846,25
:61:200901C0000000000140,0N216NONREF//BI909096168877-0
:86:/PREF/987602019/TRCD/178/INIT//NAME/RABO FD/ISDT/2019-03-14
:61:200901C0000000000070,0N216NONREF//BI909096168877-0
:86:/PREF/987602019/TRCD/178/INIT//NAME/RABO FD/ISDT/2019-03-14
:62F:C200901EUR000000035056,25
:64:C200901EUR000000035056,25
:65:C200901EUR000000035056,25
:65:C200901EUR000000035056,25
:65:C200901EUR000000035056,25
:65:C200901EUR000000035056,25
:20:940S190314
:25:NL21RABO0123456789 EUR
:28C:2301/1
:60F:C200902EUR000000035056,25
:61:200902C0000000000165,0N216NONREF//BI909096168877-0
:86:/PREF/987602019/TRCD/178/INIT//NAME/RABO FD/ISDT/2019-03-14
:61:200902D0000000000205,0N216NONREF//BI909096168877-0
:86:/PREF/987602019/TRCD/178/INIT//NAME/RABO FD/ISDT/2019-03-14
:62F:C200902EUR000000035016,25
:64:C200902EUR000000035016,25
:65:C200902EUR000000035016,25
:65:C200902EUR000000035016,25
:65:C200902EUR000000035016,25
:65:C200902EUR000000035016,25
:20:940S190314
:25:NL21RABO0123456789 EUR
:28C:2401/1
:60F:C200903EUR000000035016,25
:61:200903C0000000000257,0N216NONREF//BI909096168877-0
:86:/PREF/987602019/TRCD/178/INIT//NAME/RABO FD/ISDT/2019-03-14
:61:200903C0000000000136,0N216NONREF//BI909096168877-0
:86:/PREF/987602019/TRCD/178/INIT//NAME/RABO FD/ISDT/2019-03-14
:62F:C200903EUR000000035409,25
:64:C200903EUR000000035409,25
:65:C200903EUR000000035409,25
:65:C200903EUR000000035409,25
:65:C200903EUR000000035409,25
:65:C200903EUR000000035409,25
:20:940S190314
:25:NL21RABO0123456789 EUR
:28C:2501/1
:60F:C200904EUR000000035409,25
:61:200904C0000000000097,0N216NONREF//BI909096168877-0
:86:/PREF/987602019/TRCD/178/INIT//NAME/RABO FD/ISDT/2019-03-14
:61:200904D0000000000184,0N216NONREF//BI909096168877-0
:86:/PREF/987602019/TRCD/178/INIT//NAME/RABO FD/ISDT/2019-03-14
:61:200904C0000000000255,0N216NONREF//BI909096168877-0
:86:/PREF/987602019/TRCD/178/INIT//NAME/RABO FD/ISDT/2019-03-14
:62F:C200904EUR000000035577,25
:64:C200904EUR000000035577,25
:65:C200904EUR000000035577,25
:65:C200904EUR000000035577,25
:65:C200904EUR000000035577,25
:65:C200904EUR000000035577,25
:20:940S190314
:25:NL21RABO0123456789 EUR
:28C:2601/1
:60F:C200905EUR000000035577,25
:61:200905C0000000000250,0N216NONREF//BI909096168877-0
:86:/PREF/987602019/TRCD/178/INIT//NAME/RABO FD/ISDT/2019-03-14
:61:200905C0000000000111,0N216NONREF//BI909096168877-0
:86:/PREF/987602019/TRCD/178/INIT//NAME/RABO FD/ISDT/2019-03-14
:62F:C200905EUR000000035938,25
:64:C200905EUR000000035938,25
:65:C200905EUR000000035938,25
:65:C200905EUR000000035938,25
:65:C200905EUR000000035938,25
:65:C200905EUR000000035938,25
:20:940S190314
:25:NL21RABO0123456789 EUR
:28C:2701/1
:60F:C200906EUR000000035938,25
:61:200906D0000000000182,0N216NONREF//BI909096168877-0
:86:/PREF/987602019/TRCD/178/INIT//NAME/RABO FD/ISDT/2019-03-14
:61:200906C0000000000174,0N216NONREF//BI909096168877-0
:86:/PREF/987602019/TRCD/178/INIT//NAME/RABO FD/ISDT/2019-03-14
:62F:C200906EUR000000035930,25
:64:C200906EUR000000035930,25
:65:C200906EUR000000035930,25
:65:C200906EUR000000035930,25
:65:C200906EUR000000035930,25
:65:C200906EUR000000035930,25
:20:940S190314
:25:NL21RABO0123456789 EUR
:28C:2801/1
:60F:C200907EUR000000035930,25
:61:200907C0000000000034,0N216NONREF//BI909096168877-0
:86:/PREF/987602019/TRCD/178/INIT//NAME/RABO FD/ISDT/2019-03-14
:61:200907C0000000000171,0N216NONREF//BI909096168877-0
:86:/PREF/987602019/TRCD/178/INIT//NAME/RABO FD/ISDT/2019-03-14
:62F:C200907EUR000000036135,25
:64:C200907EUR000000036135,25
:65:C200907EUR000000036135,25
:65:C200907EUR000000036135,25
:65:C200907EUR000000036135,25
:65:C200907EUR000000036135,25
:20:940S190314
:25:NL21RABO0123456789 EUR
:28C:2901/1
:60F:C200908EUR000000036135,25
:61:200908D0000000000249,0N216NONREF//BI909096168877-0
:86:/PREF/987602019/TRCD/178/INIT//NAME/RABO FD/ISDT/2019-03-14
:61:200908C0000000000281,0N216NONREF//BI909096168877-0
:86:/PREF/987602019/TRCD/178/INIT//NAME/RABO FD/ISDT/2019-03-14
:62F:C200908EUR000000036167,25
:64:C200908EUR000000036167,25
:65:C200908EUR000000036167,25
:65:C200908EUR000000036167,25
:65:C200908EUR000000036167,25
:65:C200908EUR000000036167,25
:20:940S190314
:25:NL21RABO0123456789 EUR
:28C:3001/1
:60F:C200909EUR000000036167,25
:61:200909D0000000000027,0N216NONREF//BI909096168877-0
:86:/PREF/987602019/TRCD/178/INIT//NAME/RABO FD/ISDT/2019-03-14
:61:200909C0000000000203,0N216NONREF//BI909096168877-0
:86:/PREF/987602019/TRCD/178/INIT//NAME/RABO FD/ISDT/2019-03-14
:61:200909C0000000000031,0N216NONREF//BI909096168877-0
:86:/PREF/987602019/TRCD/178/INIT//NAME/RABO FD/ISDT/2019-03-14
:62F:C200909EUR000000036374,25
:64:C200909EUR000000036374,25
:65:C200909EUR000000036374,25
:65:C200909EUR000000036374,25
:65:C200909EUR000000036374,25
:65:C200909EUR000000036374,25
:20:940S190314
:25:NL21RABO0123456789 EUR
:28C:3101/1
:60F:C200910EUR000000036374,25
:61:200910C0000000000023,0N216NONREF//BI909096168877-0
:86:/PREF/987602019/TRCD/178/INIT//NAME/RABO FD/ISDT/2019-03-14
:61:200910D0000000000078,0N216NONREF//BI909096168877-0
:86:/PREF/987602019/TRCD/178/INIT//NAME/RABO FD/ISDT/2019-03-14
:62F:C200910EUR000000036319,25
:64:C200910EUR000000036319,25
:65:C200910EUR000000036319,25
:65:C200910EUR000000036319,25
:65:C200910EUR000000036319,25
:65:C200910EUR000000036319,25
:20:940S190314
:25:NL21RABO0123456789 EUR
:28C:3201/1
:60F:C200911EUR000000036319,25
:61:200911C0000000000099,0N216NONREF//BI909096168877-0
:86:/PREF/987602019/TRCD/178/INIT//NAME/RABO FD/ISDT/2019-03-14
:61:200911C0000000000150,0N216NONREF//BI909096168877-0
:86:/PREF/987602019/TRCD/178/INIT//NAME/RABO FD/ISDT/2019-03-14
:62F:C200911EUR000000036568,25
:64:C200911EUR000000036568,25
:65:C200911EUR000000036568,25
:65:C200911EUR000000036568,25
:65:C200911EUR000000036568,25
:65:C200911EUR000000036568,25
:20:940S190314
:25:NL21RABO0123456789 EUR
:28C:3301/1
:60F:C200912EUR000000036568,25
:61:200912C0000000000282,0N216NONREF//BI909096168877-0
:86:/PREF/987602019/TRCD/178/INIT//NAME/RABO FD/ISDT/2019-03-14
:61:200912D0000000000167,0N216NONREF//BI909096168877-0
:86:/PREF/987602019/TRCD/178/INIT//NAME/RABO FD/ISDT/2019-03-14
:62F:C200912EUR000000036683,25
:64:C200912EUR000000036683,25
:65:C200912EUR000000036683,25
:65:C200912EUR000000036683,25
:65:C200912EUR000000036683,25
:65:C200912EUR000000036683,25
:20:940S190314
:25:NL21RABO0123456789 EUR
:28C:3401/1
:60F:C200913EUR000000036683,25
:61:200913C0000000000140,0N216NONREF//BI909096168877-0
:86:/PREF/987602019/TRCD/178/INIT//NAME/RABO FD/ISDT/2019-03-14
:61:200913C0000000000070,0N216NONREF//BI909096168877-0
:86:/PREF/987602019/TRCD/178/INIT//NAME/RABO FD/ISDT/2019-03-14
:61:200913C0000000000165,0N216NONREF//BI909096168877-0
:86:/PREF/987602019/TRCD/178/INIT//NAME/RABO FD/ISDT/2019-03-14
:62F:C200913EUR000000037058,25
:64:C200913EUR000000037058,25
:65:C200913EUR000000037058,25
:65:C200913EUR000000037058,25
:65:C200913EUR000000037058,25
:65:C200913EUR000000037058,25
:20:940S190314
:25:NL21RABO0123456789 EUR
:28C:3501/1
:60F:C200914EUR000000037058,25
:61:200914D0000000000205,0N216NONREF//BI909096168877-0
:86:/PREF/987602019/TRCD/178/INIT//NAME/RABO FD/ISDT/2019-03-14
:61:200914C0000000000257,0N216NONREF//BI909096168877-0
:86:/PREF/987602019/TRCD/178/INIT//NAME/RABO FD/ISDT/2019-03-14
:62F:C200914EUR000000037110,25
:64:C200914EUR000000037110,25
:65:C200914EUR000000037110,25
:65:C200914EUR000000037110,25
:65:C200914EUR000000037110,25
:65:C200914EUR000000037110,25
:20:940S190314
:25:NL21RABO0123456789 EUR
:28C:3601/1
:60F:C200915EUR000000037110,25
:61:200915C000000000209,39N216NONREF//BI909096168877-0
:86:/PREF/987602019/TRCD/178/INIT//NAME/RABO FD/ISDT/2019-03-14
:61:200915C000000000217,16N216NONREF//BI909096168877-0
:86:/PREF/987602019/TRCD/178/INIT//NAME/RABO FD/ISDT/2019-03-14
:62F:C200915EUR0000000037536,8
:64:C200915EUR0000000037536,8
:65:C200915EUR0000000037536,8
:65:C200915EUR0000000037536,8
:65:C200915EUR0000000037536,8
:65:C200915EUR0000000037536,8
:20:940S190314
:25:NL21RABO0123456789 EUR
:28C:3701/1
:60F:C200916EUR0000000037536,8
:61:200916D000000000224,92N216NONREF//BI909096168877-0
:86:/PREF/987602019/TRCD/178/INIT//NAME/RABO FD/ISDT/2019-03-14
:61:200916C000000000232,69N216NONREF//BI909096168877-0
:86:/PREF/987602019/TRCD/178/INIT//NAME/RABO FD/ISDT/2019-03-14
:62F:C200916EUR000000037544,57
:64:C200916EUR000000037544,57
:65:C200916EUR000000037544,57
:65:C200916EUR000000037544,57
:65:C200916EUR000000037544,57
:65:C200916EUR000000037544,57
:20:940S190314
:25:NL21RABO0123456789 EUR
:28C:3801/1
:60F:C200917EUR000000037544,57
:61:200917C000000000240,46N216NONREF//BI909096168877-0
:86:/PREF/987602019/TRCD/178/INIT//NAME/RABO FD/ISDT/2019-03-14
:61:200917C000000000248,22N216NONREF//BI909096168877-0
:86:/PREF/987602019/TRCD/178/INIT//NAME/RABO FD/ISDT/2019-03-14
:62F:C200917EUR000000038033,25
:64:C200917EUR000000038033,25
:65:C200917EUR000000038033,25
:65:C200917EUR000000038033,25
:65:C200917EUR000000038033,25
:65:C200917EUR000000038033,25
:20:940S190314
:25:NL21RABO0123456789 EUR
:28C:3901/1
:60F:C200918EUR000000038033,25
:61:200918D000000000255,99N216NONREF//BI909096168877-0
:86:/PREF/987602019/TRCD/178/INIT//NAME/RABO FD/ISDT/2019-03-14
:61:200918C000000000263,76N216NONREF//BI909096168877-0
:86:/PREF/987602019/TRCD/178/INIT//NAME/RABO FD/ISDT/2019-03-14
:61:200918C000000000271,52N216NONREF//BI909096168877-0
:86:/PREF/987602019/TRCD/178/INIT//NAME/RABO FD/ISDT/2019-03-14
:62F:C200918EUR000000038312,54
:64:C200918EUR000000038312,54
:65:C200918EUR000000038312,54
:65:C200918EUR000000038312,54
:65:C200918EUR000000038312,54
:65:C200918EUR000000038312,54
:20:940S190314
:25:NL21RABO0123456789 EUR
:28C:4001/1
:60F:C200919EUR000000038312,54
:61:200919C000000000279,29N216NONREF//BI909096168877-0
:86:/PREF/987602019/TRCD/178/INIT//NAME/RABO FD/ISDT/2019-03-14
:61:200919D000000000287,06N216NONREF//BI909096168877-0
:86:/PREF/987602019/TRCD/178/INIT//NAME/RABO FD/ISDT/2019-03-14
:62F:C200919EUR000000038304,77
:64:C200919EUR000000038304,77
:65:C200919EUR000000038304,77
:65:C200919EUR000000038304,77
:65:C200919EUR000000038304,77
:65:C200919EUR000000038304,77
:20:940S190314
:25:NL21RABO0123456789 EUR
:28C:4101/1
:60F:C200920EUR000000038304,77
:61:200920C000000000294,82N216NONREF//BI909096168877-0
:86:/PREF/987602019/TRCD/178/INIT//NAME/RABO FD/ISDT/2019-03-14
:61:200920C000000000302,59N216NONREF//BI909096168877-0
:86:/PREF/987602019/TRCD/178/INIT//NAME/RABO FD/ISDT/2019-03-14
:62F:C200920EUR000000038902,18
:64:C200920EUR000000038902,18
:65:C200920EUR000000038902,18
:65:C200920EUR000000038902,18
:65:C200920EUR000000038902,18
:65:C200920EUR000000038902,18
:20:940S190314
:25:NL21RABO0123456789 EUR
:28C:4201/1
:60F:C200921EUR000000038902,18
:61:200921D000000000310,36N216NONREF//BI909096168877-0
:86:/PREF/987602019/TRCD/178/INIT//NAME/RABO FD/ISDT/2019-03-14
:61:200921C000000000318,12N216NONREF//BI909096168877-0
:86:/PREF/987602019/TRCD/178/INIT//NAME/RABO FD/ISDT/2019-03-14
:62F:C200921EUR000000038909,94
:64:C200921EUR000000038909,94
:65:C200921EUR000000038909,94
:65:C200921EUR000000038909,94
:65:C200921EUR000000038909,94
:65:C200921EUR000000038909,94
:20:940S190314
:25:NL21RABO0123456789 EUR
:28C:4301/1
:60F:C200922EUR000000038909,94
:61:200922C000000000325,89N216NONREF//BI909096168877-0
:86:/PREF/987602019/TRCD/178/INIT//NAME/RABO FD/ISDT/2019-03-14
:61:200922C000000000333,66N216NONREF//BI909096168877-0
:86:/PREF/987602019/TRCD/178/INIT//NAME/RABO FD/ISDT/2019-03-14
:61:200922D000000000341,42N216NONREF//BI909096168877-0
:86:/PREF/987602019/TRCD/178/INIT//NAME/RABO FD/ISDT/2019-03-14
:62F:C200922EUR000000039228,07
:64:C200922EUR000000039228,07
:65:C200922EUR000000039228,07
:65:C200922EUR000000039228,07
:65:C200922EUR000000039228,07
:65:C200922EUR000000039228,07
:20:940S190314
:25:NL21RABO0123456789 EUR
:28C:4401/1
:60F:C200923EUR000000039228,07
:61:200923C000000000349,19N216NONREF//BI909096168877-0
:86:/PREF/987602019/TRCD/178/INIT//NAME/RABO FD/ISDT/2019-03-14
:61:200923C000000000356,96N216NONREF//BI909096168877-0
:86:/PREF/987602019/TRCD/178/INIT//NAME/RABO FD/ISDT/2019-03-14
:62F:C200923EUR000000039934,22
:64:C200923EUR000000039934,22
:65:C200923EUR000000039934,22
:65:C200923EUR000000039934,22
:65:C200923EUR000000039934,22
:65:C200923EUR000000039934,22
:20:940S190314
:25:NL21RABO0123456789 EUR
:28C:4501/1
:60F:C200924EUR000000039934,22
:61:200924C000000000364,72N216NONREF//BI909096168877-0
:86:/PREF/987602019/TRCD/178/INIT//NAME/RABO FD/ISDT/2019-03-14
:61:200924D000000000372,49N216NONREF//BI909096168877-0
:86:/PREF/987602019/TRCD/178/INIT//NAME/RABO FD/ISDT/2019-03-14
:62F:C200924EUR000000039926,45
:64:C200924EUR000000039926,45
:65:C200924EUR000000039926,45
:65:C200924EUR000000039926,45
:65:C200924EUR000000039926,45
:65:C200924EUR000000039926,45
:20:940S190314
:25:NL21RABO0123456789 EUR
:28C:4601/1
:60F:C200925EUR000000039926,45
:61:200925C000000000380,26N216NONREF//BI909096168877-0
:86:/PREF/987602019/TRCD/178/INIT//NAME/RABO FD/ISDT/2019-03-14
:61:200925C000000000388,02N216NONREF//BI909096168877-0
:86:/PREF/987602019/TRCD/178/INIT//NAME/RABO FD/ISDT/2019-03-14
:62F:C200925EUR000000040694,73
:64:C200925EUR000000040694,73
:65:C200925EUR000000040694,73
:65:C200925EUR000000040694,73
:65:C200925EUR000000040694,73
:65:C200925EUR000000040694,73
:20:940S190314
:25:NL21RABO0123456789 EUR
:28C:4701/1
:60F:C200926EUR000000040694,73
:61:200926C000000000395,79N216NONREF//BI909096168877-0
:86:/PREF/987602019/TRCD/178/INIT//NAME/RABO FD/ISDT/2019-03-14
:61:200926D000000000403,56N216NONREF//BI909096168877-0
:86:/PREF/987602019/TRCD/178/INIT//NAME/RABO FD/ISDT/2019-03-14
:62F:C200926EUR000000040686,96
:64:C200926EUR000000040686,96
:65:C200926EUR000000040686,96
:65:C200926EUR000000040686,96
:65:C200926EUR000000040686,96
:65:C200926EUR000000040686,96
:20:940S190314
:25:NL21RABO0123456789 EUR
:28C:4801/1
:60F:C200927EUR000000040686,96
:61:200927C000000000411,32N216NONREF//BI909096168877-0
:86:/PREF/987602019/TRCD/178/INIT//NAME/RABO FD/ISDT/2019-03-14
:61:200927C000000000419,09N216NONREF//BI909096168877-0
:86:/PREF/987602019/TRCD/178/INIT//NAME/RABO FD/ISDT/2019-03-14
:61:200927C000000000426,86N216NONREF//BI909096168877-0
:86:/PREF/987602019/TRCD/178/INIT//NAME/RABO FD/ISDT/2019-03-14
:62F:C200927EUR000000041944,23
:64:C200927EUR000000041944,23
:65:C200927EUR000000041944,23
:65:C200927EUR000000041944,23
:65:C200927EUR000000041944,23
:65:C200927EUR000000041944,23
:20:940S190314
:25:NL21RABO0123456789 EUR
:28C:4901/1
:60F:C200928EUR000000041944,23
:61:200928D000000000434,62N216NONREF//BI909096168877-0
:86:/PREF/987602019/TRCD/178/INIT//NAME/RABO FD/ISDT/2019-03-14
:61:200928C000000000442,39N216NONREF//BI909096168877-0
:86:/PREF/987602019/TRCD/178/INIT//NAME/RABO FD/ISDT/2019-03-14
:62F:C200928EUR0000000041952,0
:64:C200928EUR0000000041952,0
:65:C200928EUR0000000041952,0
:65:C200928EUR0000000041952,0
:65:C200928EUR0000000041952,0
:65:C200928EUR0000000041952,0
:20:940S190314
:25:NL21RABO0123456789 EUR
:28C:5001/1
:60F:C200929EUR0000000041952,0
:61:200929C000000000450,16N216NONREF//BI909096168877-0
:86:/PREF/987602019/TRCD/178/INIT//NAME/RABO FD/ISDT/2019-03-14
:61:200929C000000000457,92N216NONREF//BI909096168877-0
:86:/PREF/987602019/TRCD/178/INIT//NAME/RABO FD/ISDT/2019-03-14
:62F:C200929EUR000000042860,08
:64:C200929EUR000000042860,08
:65:C200929EUR000000042860,08
:65:C200929EUR000000042860,08
:65:C200929EUR000000042860,08
:65:C200929EUR000000042860,08
:20:940S190314
:25:NL21RABO0123456789 EUR
:28C:5101/1
:60F:C200930EUR000000042860,08
:61:200930D000000000465,69N216NONREF//BI909096168877-0
:86:/PREF/987602019/TRCD/178/INIT//NAME/RABO FD/ISDT/2019-03-14
:61:200930C000000000473,46N216NONREF//BI909096168877-0
:86:/PREF/987602019/TRCD/178/INIT//NAME/RABO FD/ISDT/2019-03-14
:62F:C200930EUR000000042867,85
:64:C200930EUR000000042867,85
:65:C200930EUR000000042867,85
:65:C200930EUR000000042867,85
:65:C200930EUR000000042867,85
:65:C200930EUR000000042867,85
:20:940S190314
:25:NL21RABO0123456789 EUR
:28C:5201/1
:60F:C201001EUR000000042867,85
:61:201001C000000000481,22N216NONREF//BI909096168877-0
:86:/PREF/987602019/TRCD/178/INIT//NAME/RABO FD/ISDT/2019-03-14
:61:201001C000000000488,99N216NONREF//BI909096168877-0
:86:/PREF/987602019/TRCD/178/INIT//NAME/RABO FD/ISDT/2019-03-14
:61:201001D000000000496,76N216NONREF//BI909096168877-0
:86:/PREF/987602019/TRCD/178/INIT//NAME/RABO FD/ISDT/2019-03-14
:62F:C201001EUR0000000043341,3
:64:C201001EUR0000000043341,3
:65:C201001EUR0000000043341,3
:65:C201001EUR0000000043341,3
:65:C201001EUR0000000043341,3
:65:C201001EUR0000000043341,3
:20:940S190314
:25:NL21RABO0123456789 EUR
:28C:5301/1
:60F:C201002EUR0000000043341,3
:61:201002C000000000504,52N216NONREF//BI909096168877-0
:86:/PREF/987602019/TRCD/178/INIT//NAME/RABO FD/ISDT/2019-03-14
:61:201002C000000000512,29N216NONREF//BI909096168877-0
:86:/PREF/987602019/TRCD/178/INIT//NAME/RABO FD/ISDT/2019-03-14
:62F:C201002EUR000000044358,11
:64:C201002EUR000000044358,11
:65:C201002EUR000000044358,11
:65:C201002EUR000000044358,11
:65:C201002EUR000000044358,11
:65:C201002EUR000000044358,11
:20:940S190314
:25:NL21RABO0123456789 EUR
:28C:5401/1
:60F:C201003EUR000000044358,11
:61:201003C000000000520,06N216NONREF//BI909096168877-0
:86:/PREF/987602019/TRCD/178/INIT//NAME/RABO FD/ISDT/2019-03-14
:61:201003D000000000527,82N216NONREF//BI909096168877-0
:86:/PREF/987602019/TRCD/178/INIT//NAME/RABO FD/ISDT/2019-03-14
:62F:C201003EUR000000044350,35
:64:C201003EUR000000044350,35
:65:C201003EUR000000044350,35
:65:C201003EUR000000044350,35
:65:C201003EUR000000044350,35
:65:C201003EUR000000044350,35
:20:940S190314
:25:NL21RABO0123456789 EUR
:28C:5501/1
:60F:C201004EUR000000044350,35
:61:201004C000000000535,59N216NONREF//BI909096168877-0
:86:/PREF/987602019/TRCD/178/INIT//NAME/RABO FD/ISDT/2019-03-14
:61:201004C000000000543,36N216NONREF//BI909096168877-0
:86:/PREF/987602019/TRCD/178/INIT//NAME/RABO FD/ISDT/2019-03-14
:62F:C201004EUR0000000045429,3
:64:C201004EUR0000000045429,3
:65:C201004EUR0000000045429,3
:65:C201004EUR0000000045429,3
:65:C201004EUR0000000045429,3
:65:C201004EUR0000000045429,3
:20:940S190314
:25:NL21RABO0123456789 EUR
:28C:5601/1
:60F:C201005EUR0000000045429,3
:61:201005C000000000551,12N216NONREF//BI909096168877-0
:86:/PREF/987602019/TRCD/178/INIT//NAME/RABO FD/ISDT/2019-03-14
:61:201005D000000000558,89N216NONREF//BI909096168877-0
:86:/PREF/987602019/TRCD/178/INIT//NAME/RABO FD/ISDT/2019-03-14
:62F:C201005EUR000000045421,53
:64:C201005EUR000000045421,53
:65:C201005EUR000000045421,53
:65:C201005EUR000000045421,53
:65:C201005EUR000000045421,53
:65:C201005EUR000000045421,53
:20:940S190314
:25:NL21RABO0123456789 EUR
:28C:5701/1
:60F:C201006EUR000000045421,53
:61:201006C000000000566,66N216NONREF//BI909096168877-0
:86:/PREF/987602019/TRCD/178/INIT//NAME/RABO FD/ISDT/2019-03-14
:61:201006D000000000574,42N216NONREF//BI909096168877-0
:86:/PREF/987602019/TRCD/178/INIT//NAME/RABO FD/ISDT/2019-03-14
:61:201006C000000000582,19N216NONREF//BI909096168877-0
:86:/PREF/987602019/TRCD/178/INIT//NAME/RABO FD/ISDT/2019-03-14
:62F:C201006EUR000000045995,96
:64:C201006EUR000000045995,96
:65:C201006EUR000000045995,96
:65:C201006EUR000000045995,96
:65:C201006EUR000000045995,96
:65:C201006EUR000000045995,96
:20:940S190314
:25:NL21RABO0123456789 EUR
:28C:5801/1
:60F:C201007EUR000000045995,96
:61:201007C000000000589,96N216NONREF//BI909096168877-0
:86:/PREF/987602019/TRCD/178/INIT//NAME/RABO FD/ISDT/2019-03-14
:61:201007C000000000597,72N216NONREF//BI909096168877-0
:86:/PREF/987602019/TRCD/178/INIT//NAME/RABO FD/ISDT/2019-03-14
:62F:C201007EUR000000047183,64
:64:C201007EUR000000047183,64
:65:C201007EUR000000047183,64
:65:C201007EUR000000047183,64
:65:C201007EUR000000047183,64
:65:C201007EUR000000047183,64
:20:940S190314
:25:NL21RABO0123456789 EUR
:28C:5901/1
:60F:C201008EUR000000047183,64
:61:201008D000000000605,49N216NONREF//BI909096168877-0
:86:/PREF/987602019/TRCD/178/INIT//NAME/RABO FD/ISDT/2019-03-14
:61:201008C000000000613,26N216NONREF//BI909096168877-0
:86:/PREF/987602019/TRCD/178/INIT//NAME/RABO FD/ISDT/2019-03-14
:62F:C201008EUR000000047191,41
:64:C201008EUR000000047191,41
:65:C201008EUR000000047191,41
:65:C201008EUR000000047191,41
:65:C201008EUR000000047191,41
:65:C201008EUR000000047191,41
:20:940S190314
:25:NL21RABO0123456789 EUR
:28C:6001/1
:60F:C201009EUR000000047191,41
:61:201009C000000000621,02N216NONREF//BI909096168877-0
:86:/PREF/987602019/TRCD/178/INIT//NAME/RABO FD/ISDT/2019-03-14
:61:201009C000000000628,79N216NONREF//BI909096168877-0
:86:/PREF/987602019/TRCD/178/INIT//NAME/RABO FD/ISDT/2019-03-14
:62F:C201009EUR000000048441,22
:64:C201009EUR000000048441,22
:65:C201009EUR000000048441,22
:65:C201009EUR000000048441,22
:65:C201009EUR000000048441,22
:65:C201009EUR000000048441,22
:20:940S190314
:25:NL21RABO0123456789 EUR
:28C:6101/1
:60F:C201010EUR000000048441,22
:61:201010D000000000636,56N216NONREF//BI909096168877-0
:86:/PREF/987602019/TRCD/178/INIT//NAME/RABO FD/ISDT/2019-03-14
:61:201010C000000000644,32N216NONREF//BI909096168877-0
:86:/PREF/987602019/TRCD/178/INIT//NAME/RABO FD/ISDT/2019-03-14
:61:201010C000000000652,09N216NONREF//BI909096168877-0
:86:/PREF/987602019/TRCD/178/INIT//NAME/RABO FD/ISDT/2019-03-14
:62F:C201010EUR000000049101,07
:64:C201010EUR000000049101,07
:65:C201010EUR000000049101,07
:65:C201010EUR000000049101,07
:65:C201010EUR000000049101,07
:65:C201010EUR000000049101,07
:20:940S190314
:25:NL21RABO0123456789 EUR
:28C:6201/1
:60F:C201011EUR000000049101,07
:61:201011C000000000659,86N216NONREF//BI909096168877-0
:86:/PREF/987602019/TRCD/178/INIT//NAME/RABO FD/ISDT/2019-03-14
:61:201011D000000000667,62N216NONREF//BI909096168877-0
:86:/PREF/987602019/TRCD/178/INIT//NAME/RABO FD/ISDT/2019-03-14
:62F:C201011EUR000000049093,31
:64:C201011EUR000000049093,31
:65:C201011EUR000000049093,31
:65:C201011EUR000000049093,31
:65:C201011EUR000000049093,31
:65:C201011EUR000000049093,31
:20:940S190314
:25:NL21RABO0123456789 EUR
:28C:6301/1
:60F:C201012EUR000000049093,31
:61:201012C000000000675,39N216NONREF//BI909096168877-0
:86:/PREF/987602019/TRCD/178/INIT//NAME/RABO FD/ISDT/2019-03-14
:61:201012C000000000683,16N216NONREF//BI909096168877-0
:86:/PREF/987602019/TRCD/178/INIT//NAME/RABO FD/ISDT/2019-03-14
:62F:C201012EUR000000050451,86
:64:C201012EUR000000050451,86
:65:C201012EUR000000050451,86
:65:C201012EUR000000050451,86
:65:C201012EUR000000050451,86
:65:C201012EUR000000050451,86
:20:940S190314
:25:NL21RABO0123456789 EUR
:28C:6401/1
:60F:C201013EUR000000050451,86
:61:201013C000000000690,92N216NONREF//BI909096168877-0
:86:/PREF/987602019/TRCD/178/INIT//NAME/RABO FD/ISDT/2019-03-14
:61:201013D000000000698,69N216NONREF//BI909096168877-0
:86:/PREF/987602019/TRCD/178/INIT//NAME/RABO FD/ISDT/2019-03-14
:62F:C201013EUR000000050444,09
:64:C201013EUR000000050444,09
:65:C201013EUR000000050444,09
:65:C201013EUR000000050444,09
:65:C201013EUR000000050444,09
:65:C201013EUR000000050444,09
:20:940S190314
:25:NL21RABO0123456789 EUR
:28C:6501/1
:60F:C201014EUR000000050444,09
:61:201014C000000000706,46N216NONREF//BI909096168877-0
:86:/PREF/987602019/TRCD/178/INIT//NAME/RABO FD/ISDT/2019-03-14
:61:201014C000000000714,22N216NONREF//BI909096168877-0
:86:/PREF/987602019/TRCD/178/INIT//NAME/RABO FD/ISDT/2019-03-14
:62F:C201014EUR000000051864,77
:64:C201014EUR000000051864,77
:65:C201014EUR000000051864,77
:65:C201014EUR000000051864,77
:65:C201014EUR000000051864,77
:65:C201014EUR000000051864,77
:20:940S190314
:25:NL21RABO0123456789 EUR
:28C:6601/1
:60F:C201015EUR000000051864,77
:61:201015C000000000721,99N216NONREF//BI909096168877-0
:86:/PREF/987602019/TRCD/178/INIT//NAME/RABO FD/ISDT/2019-03-14
:61:201015D000000000729,76N216NONREF//BI909096168877-0
:86:/PREF/987602019/TRCD/178/INIT//NAME/RABO FD/ISDT/2019-03-14
:61:201015C000000000737,52N216NONREF//BI909096168877-0
:86:/PREF/987602019/TRCD/178/INIT//NAME/RABO FD/ISDT/2019-03-14
:62F:C201015EUR000000052594,52
:64:C201015EUR000000052594,52
:65:C201015EUR000000052594,52
:65:C201015EUR000000052594,52
:65:C201015EUR000000052594,52
:65:C201015EUR000000052594,52
:20:940S190314
:25:NL21RABO0123456789 EUR
:28C:6701/1
:60F:C201016EUR000000052594,52
:61:201016C000000000745,29N216NONREF//BI909096168877-0
:86:/PREF/987602019/TRCD/178/INIT//NAME/RABO FD/ISDT/2019-03-14
:61:201016C000000000753,06N216NONREF//BI909096168877-0
:86:/PREF/987602019/TRCD/178/INIT//NAME/RABO FD/ISDT/2019-03-14
:62F:C201016EUR000000054092,87
:64:C201016EUR000000054092,87
:65:C201016EUR000000054092,87
:65:C201016EUR000000054092,87
:65:C201016EUR000000054092,87
:65:C201016EUR000000054092,87
:20:940S190314
:25:NL21RABO0123456789 EUR
:28C:6801/1
:60F:C201017EUR000000054092,87
:61:201017D000000000760,82N216NONREF//BI909096168877-0
:86:/PREF/987602019/TRCD/178/INIT//NAME/RABO FD/ISDT/2019-03-14
:61:201017C000000000768,59N216NONREF//BI909096168877-0
:86:/PREF/987602019/TRCD/178/INIT//NAME/RABO FD/ISDT/2019-03-14
:62F:C201017EUR000000054100,64
:64:C201017EUR000000054100,64
:65:C201017EUR000000054100,64
:65:C201017EUR000000054100,64
:65:C201017EUR000000054100,64
:65:C201017EUR000000054100,64
:20:940S190314
:25:NL21RABO0123456789 EUR
:28C:6901/1
:60F:C201018EUR000000054100,64
:61:201018C000000000776,36N216NONREF//BI909096168877-0
:86:/PREF/987602019/TRCD/178/INIT//NAME/RABO FD/ISDT/2019-03-14
:61:201018D000000000784,12N216NONREF//BI909096168877-0
:86:/PREF/987602019/TRCD/178/INIT//NAME/RABO FD/ISDT/2019-03-14
:62F:C201018EUR000000054092,88
:64:C201018EUR000000054092,88
:65:C201018EUR000000054092,88
:65:C201018EUR000000054092,88
:65:C201018EUR000000054092,88
:65:C201018EUR000000054092,88
:20:940S190314
:25:NL21RABO0123456789 EUR
:28C:7001/1
:60F:C201019EUR000000054092,88
:61:201019C000000000791,89N216NONREF//BI909096168877-0
:86:/PREF/987602019/TRCD/178/INIT//NAME/RABO FD/ISDT/2019-03-14
:61:201019C000000000799,66N216NONREF//BI909096168877-0
:86:/PREF/987602019/TRCD/178/INIT//NAME/RABO FD/ISDT/2019-03-14
:61:201019C000000000807,42N216NONREF//BI909096168877-0
:86:/PREF/987602019/TRCD/178/INIT//NAME/RABO FD/ISDT/2019-03-14
:62F:C201019EUR000000056491,85
:64:C201019EUR000000056491,85
:65:C201019EUR000000056491,85
:65:C201019EUR000000056491,85
:65:C201019EUR000000056491,85
:65:C201019EUR000000056491,85
:20:940S190314
:25:NL21RABO0123456789 EUR
:28C:7101/1
:60F:C201020EUR000000056491,85
:61:201020D000000000815,19N216NONREF//BI909096168877-0
:86:/PREF/987602019/TRCD/178/INIT//NAME/RABO FD/ISDT/2019-03-14
:61:201020C000000000822,96N216NONREF//BI909096168877-0
:86:/PREF/987602019/TRCD/178/INIT//NAME/RABO FD/ISDT/2019-03-14
:62F:C201020EUR000000056499,62
:64:C201020EUR000000056499,62
:65:C201020EUR000000056499,62
:65:C201020EUR000000056499,62
:65:C201020EUR000000056499,62
:65:C201020EUR000000056499,62
:20:940S190314
:25:NL21RABO0123456789 EUR
:28C:7201/1
:60F:C201021EUR000000056499,62
:61:201021C000000000830,72N216NONREF//BI909096168877-0
:86:/PREF/987602019/TRCD/178/INIT//NAME/RABO FD/ISDT/2019-03-14
:61:201021C000000000838,49N216NONREF//BI909096168877-0
:86:/PREF/987602019/TRCD/178/INIT//NAME/RABO FD/ISDT/2019-03-14
:62F:C201021EUR000000058168,83
:64:C201021EUR000000058168,83
:65:C201021EUR000000058168,83
:65:C201021EUR000000058168,83
:65:C201021EUR000000058168,83
:65:C201021EUR000000058168,83
:20:940S190314
:25:NL21RABO0123456789 EUR
:28C:7301/1
:60F:C201022EUR000000058168,83
:61:201022D000000000846,26N216NONREF//BI909096168877-0
:86:/PREF/987602019/TRCD/178/INIT//NAME/RABO FD/ISDT/2019-03-14
:61:201022C000000000854,02N216NONREF//BI909096168877-0
:86:/PREF/987602019/TRCD/178/INIT//NAME/RABO FD/ISDT/2019-03-14
:62F:C201022EUR000000058176,59
:64:C201022EUR000000058176,59
:65:C201022EUR000000058176,59
:65:C201022EUR000000058176,59
:65:C201022EUR000000058176,59
:65:C201022EUR000000058176,59
:20:940S190314
:25:NL21RABO0123456789 EUR
:28C:7401/1
:60F:C201023EUR000000058176,59
:61:201023C000000000861,79N216NONREF//BI909096168877-0
:86:/PREF/987602019/TRCD/178/INIT//NAME/RABO FD/ISDT/2019-03-14
:61:201023C000000000869,56N216NONREF//BI909096168877-0
:86:/PREF/987602019/TRCD/178/INIT//NAME/RABO FD/ISDT/2019-03-14
:62F:C201023EUR000000059907,94
:64:C201023EUR000000059907,94
:65:C201023EUR000000059907,94
:65:C201023EUR000000059907,94
:65:C201023EUR000000059907,94
:65:C201023EUR000000059907,94
:20:940S190314
:25:NL21RABO0123456789 EUR
:28C:7501/1
:60F:C201024EUR000000059907,94
:61:201024D000000000877,32N216NONREF//BI909096168877-0
:86:/PREF/987602019/TRCD/178/INIT//NAME/RABO FD/ISDT/2019-03-14
:61:201024C000000000885,09N216NONREF//BI909096168877-0
:86:/PREF/987602019/TRCD/178/INIT//NAME/RABO FD/ISDT/2019-03-14
:61:201024C000000000892,86N216NONREF//BI909096168877-0
:86:/PREF/987602019/TRCD/178/INIT//NAME/RABO FD/ISDT/2019-03-14
:61:201024D000000000900,62N216NONREF//BI909096168877-0
:86:/PREF/987602019/TRCD/178/INIT//NAME/RABO FD/ISDT/2019-03-14
:61:201024C000000000908,39N216NONREF//BI909096168877-0
:86:/PREF/987602019/TRCD/178/INIT//NAME/RABO FD/ISDT/2019-03-14
:62F:C201024EUR000000060816,34
:64:C201024EUR000000060816,34
:65:C201024EUR000000060816,34
:65:C201024EUR000000060816,34
:65:C201024EUR000000060816,34
:65:C201024EUR000000060816,34
:20:940S190314
:25:NL21RABO0123456789 EUR
:28C:7601/1
:60F:C201025EUR000000060816,34
:61:201025C000000000916,16N216NONREF//BI909096168877-0
:86:/PREF/987602019/TRCD/178/INIT//NAME/RABO FD/ISDT/2019-03-14
:61:201025C000000000923,92N216NONREF//BI909096168877-0
:86:/PREF/987602019/TRCD/178/INIT//NAME/RABO FD/ISDT/2019-03-14
:62F:C201025EUR000000062656,42
:64:C201025EUR000000062656,42
:65:C201025EUR000000062656,42
:65:C201025EUR000000062656,42
:65:C201025EUR000000062656,42
:65:C201025EUR000000062656,42
:20:940S190314
:25:NL21RABO0123456789 EUR
:28C:7701/1
:60F:C201025EUR000000062656,42
:61:201025D000000000931,69N216NONREF//BI909096168877-0
:86:/PREF/987602019/TRCD/178/INIT//NAME/RABO FD/ISDT/2019-03-14
:61:201025C000000000939,46N216NONREF//BI909096168877-0
:86:/PREF/987602019/TRCD/178/INIT//NAME/RABO FD/ISDT/2019-03-14
:62F:C201025EUR000000062664,19
:64:C201025EUR000000062664,19
:65:C201025EUR000000062664,19
:65:C201025EUR000000062664,19
:65:C201025EUR000000062664,19
:65:C201025EUR000000062664,19
:20:940S190314
:25:NL21RABO0123456789 EUR
:28C:7801/1
:60F:C201025EUR000000062664,19
:61:201025C000000000947,22N216NONREF//BI909096168877-0
:86:/PREF/987602019/TRCD/178/INIT//NAME/RABO FD/ISDT/2019-03-14
:61:201025C000000000954,99N216NONREF//BI909096168877-0
:86:/PREF/987602019/TRCD/178/INIT//NAME/RABO FD/ISDT/2019-03-14
:62F:C201025EUR0000000064566,4
:64:C201025EUR0000000064566,4
:65:C201025EUR0000000064566,4
:65:C201025EUR0000000064566,4
:65:C201025EUR0000000064566,4
:65:C201025EUR0000000064566,4
:20:940S190314
:25:NL21RABO0123456789 EUR
:28C:7901/1
:60F:C201027EUR0000000064566,4
:61:201027D000000000962,76N216NONREF//BI909096168877-0
:86:/PREF/987602019/TRCD/178/INIT//NAME/RABO FD/ISDT/2019-03-14
:61:201027C000000000970,52N216NONREF//BI909096168877-0
:86:/PREF/987602019/TRCD/178/INIT//NAME/RABO FD/ISDT/2019-03-14
:61:201027C000000000978,29N216NONREF//BI909096168877-0
:86:/PREF/987602019/TRCD/178/INIT//NAME/RABO FD/ISDT/2019-03-14
:62F:C201027EUR000000065552,45
:64:C201027EUR000000065552,45
:65:C201027EUR000000065552,45
:65:C201027EUR000000065552,45
:65:C201027EUR000000065552,45
:65:C201027EUR000000065552,45
:20:940S190314
:25:NL21RABO0123456789 EUR
:28C:8001/1
:60F:C201027EUR000000065552,45
:61:201027C000000000986,06N216NONREF//BI909096168877-0
:86:/PREF/987602019/TRCD/178/INIT//NAME/RABO FD/ISDT/2019-03-14
:61:201027D000000000993,82N216NONREF//BI909096168877-0
:86:/PREF/987602019/TRCD/178/INIT//NAME/RABO FD/ISDT/2019-03-14
:62F:C201027EUR000000065544,69
:64:C201027EUR000000065544,69
:65:C201027EUR000000065544,69
:65:C201027EUR000000065544,69
:65:C201027EUR000000065544,69
:65:C201027EUR000000065544,69
:20:940S190314
:25:NL21RABO0123456789 EUR
:28C:8101/1
:60F:C201029EUR000000065544,69
:61:201029C000000001001,59N216NONREF//BI909096168877-0
:86:/PREF/987602019/TRCD/178/INIT//NAME/RABO FD/ISDT/2019-03-14
:61:201029C000000001009,36N216NONREF//BI909096168877-0
:86:/PREF/987602019/TRCD/178/INIT//NAME/RABO FD/ISDT/2019-03-14
:62F:C201029EUR000000067555,64
:64:C201029EUR000000067555,64
:65:C201029EUR000000067555,64
:65:C201029EUR000000067555,64
:65:C201029EUR000000067555,64
:65:C201029EUR000000067555,64
:20:940S190314
:25:NL21RABO0123456789 EUR
:28C:8201/1
:60F:C201030EUR000000067555,64
:61:201030D000000001017,12N216NONREF//BI909096168877-0
:86:/PREF/987602019/TRCD/178/INIT//NAME/RABO FD/ISDT/2019-03-14
:61:201030C000000001024,89N216NONREF//BI909096168877-0
:86:/PREF/987602019/TRCD/178/INIT//NAME/RABO FD/ISDT/2019-03-14
:62F:C201030EUR000000067563,41
:64:C201030EUR000000067563,41
:65:C201030EUR000000067563,41
:65:C201030EUR000000067563,41
:65:C201030EUR000000067563,41
:65:C201030EUR000000067563,41
:20:940S190314
:25:NL21RABO0123456789 EUR
:28C:8301/1
:60F:C201030EUR000000067563,41
:61:201030C000000001032,66N216NONREF//BI909096168877-0
:86:/PREF/987602019/TRCD/178/INIT//NAME/RABO FD/ISDT/2019-03-14
:61:201030C000000001040,42N216NONREF//BI909096168877-0
:86:/PREF/987602019/TRCD/178/INIT//NAME/RABO FD/ISDT/2019-03-14
:62F:C201030EUR000000069636,49
:64:C201030EUR000000069636,49
:65:C201030EUR000000069636,49
:65:C201030EUR000000069636,49
:65:C201030EUR000000069636,49
:65:C201030EUR000000069636,49
:20:940S190314
:25:NL21RABO0123456789 EUR
:28C:8401/1
:60F:C201030EUR000000069636,49
:61:201030D000000001048,19N216NONREF//BI909096168877-0
:86:/PREF/987602019/TRCD/178/INIT//NAME/RABO FD/ISDT/2019-03-14
:61:201030C000000001055,96N216NONREF//BI909096168877-0
:86:/PREF/987602019/TRCD/178/INIT//NAME/RABO FD/ISDT/2019-03-14
:61:201030C000000001063,72N216NONREF//BI909096168877-0
:86:/PREF/987602019/TRCD/178/INIT//NAME/RABO FD/ISDT/2019-03-14
:62F:C201030EUR000000070707,98
:64:C201030EUR000000070707,98
:65:C201030EUR000000070707,98
:65:C201030EUR000000070707,98
:65:C201030EUR000000070707,98
:65:C201030EUR000000070707,98
:20:940S190314
:25:NL21RABO0123456789 EUR
:28C:8501/1
:60F:C201030EUR000000070707,98
:61:201030C000000001071,49N216NONREF//BI909096168877-0
:86:/PREF/987602019/TRCD/178/INIT//NAME/RABO FD/ISDT/2019-03-14
:61:201030D000000001079,26N216NONREF//BI909096168877-0
:86:/PREF/987602019/TRCD/178/INIT//NAME/RABO FD/ISDT/2019-03-14
:62F:C201030EUR000000070700,21
:64:C201030EUR000000070700,21
:65:C201030EUR000000070700,21
:65:C201030EUR000000070700,21
:65:C201030EUR000000070700,21
:65:C201030EUR000000070700,21
:20:940S190314
:25:NL21RABO0123456789 EUR
:28C:8601/1
:60F:C201030EUR000000070700,21
:61:201030C000000001087,02N216NONREF//BI909096168877-0
:86:/PREF/987602019/TRCD/178/INIT//NAME/RABO FD/ISDT/2019-03-14
:61:201030C000000001094,79N216NONREF//BI909096168877-0
:86:/PREF/987602019/TRCD/178/INIT//NAME/RABO FD/ISDT/2019-03-14
:62F:C201030EUR000000072882,02
:64:C201030EUR000000072882,02
:65:C201030EUR000000072882,02
:65:C201030EUR000000072882,02
:65:C201030EUR000000072882,02
:65:C201030EUR000000072882,02
:20:940S190314
:25:NL21RABO0123456789 EUR
:28C:8701/1
:60F:C201030EUR000000072882,02
:61:201030C000000001102,56N216NONREF//BI909096168877-0
:86:/PREF/987602019/TRCD/178/INIT//NAME/RABO FD/ISDT/2019-03-14
:61:201030D000000001110,32N216NONREF//BI909096168877-0
:86:/PREF/987602019/TRCD/178/INIT//NAME/RABO FD/ISDT/2019-03-14
:62F:C201030EUR000000072874,26
:64:C201030EUR000000072874,26
:65:C201030EUR000000072874,26
:65:C201030EUR000000072874,26
:65:C201030EUR000000072874,26
:65:C201030EUR000000072874,26
:20:940S190314
:25:NL21RABO0123456789 EUR
:28C:8801/1
:60F:C201105EUR000000072874,26
:61:201105C000000001118,09N216NONREF//BI909096168877-0
:86:/PREF/987602019/TRCD/178/INIT//NAME/RABO FD/ISDT/2019-03-14
:61:201105C000000001125,86N216NONREF//BI909096168877-0
:86:/PREF/987602019/TRCD/178/INIT//NAME/RABO FD/ISDT/2019-03-14
:61:201105D000000001133,62N216NONREF//BI909096168877-0
:86:/PREF/987602019/TRCD/178/INIT//NAME/RABO FD/ISDT/2019-03-14
:62F:C201105EUR000000073984,59
:64:C201105EUR000000073984,59
:65:C201105EUR000000073984,59
:65:C201105EUR000000073984,59
:65:C201105EUR000000073984,59
:65:C201105EUR000000073984,59
:20:940S190314
:25:NL21RABO0123456789 EUR
:28C:8901/1
:60F:C201106EUR000000073984,59
:61:201106C000000001141,39N216NONREF//BI909096168877-0
:86:/PREF/987602019/TRCD/178/INIT//NAME/RABO FD/ISDT/2019-03-14
:61:201106C000000001149,16N216NONREF//BI909096168877-0
:86:/PREF/987602019/TRCD/178/INIT//NAME/RABO FD/ISDT/2019-03-14
:62F:C201106EUR000000076275,14
:64:C201106EUR000000076275,14
:65:C201106EUR000000076275,14
:65:C201106EUR000000076275,14
:65:C201106EUR000000076275,14
:65:C201106EUR000000076275,14
:20:940S190314
:25:NL21RABO0123456789 EUR
:28C:9001/1
:60F:C201106EUR000000076275,14
:61:201106C000000001156,92N216NONREF//BI909096168877-0
:86:/PREF/987602019/TRCD/178/INIT//NAME/RABO FD/ISDT/2019-03-14
:61:201106D000000001164,69N216NONREF//BI909096168877-0
:86:/PREF/987602019/TRCD/178/INIT//NAME/RABO FD/ISDT/2019-03-14
:62F:C201106EUR000000076267,37
:64:C201106EUR000000076267,37
:65:C201106EUR000000076267,37
:65:C201106EUR000000076267,37
:65:C201106EUR000000076267,37
:65:C201106EUR000000076267,37
:20:940S190314
:25:NL21RABO0123456789 EUR
:28C:9101/1
:60F:C201106EUR000000076267,37
:61:201106C000000001172,46N216NONREF//BI909096168877-0
:86:/PREF/987602019/TRCD/178/INIT//NAME/RABO FD/ISDT/2019-03-14
:61:201106C000000001180,22N216NONREF//BI909096168877-0
:86:/PREF/987602019/TRCD/178/INIT//NAME/RABO FD/ISDT/2019-03-14
:62F:C201106EUR000000078620,05
:64:C201106EUR000000078620,05
:65:C201106EUR000000078620,05
:65:C201106EUR000000078620,05
:65:C201106EUR000000078620,05
:65:C201106EUR000000078620,05
:20:940S190314
:25:NL21RABO0123456789 EUR
:28C:9201/1
:60F:C201106EUR000000078620,05
:61:201106C000000001187,99N216NONREF//BI909096168877-0
:86:/PREF/987602019/TRCD/178/INIT//NAME/RABO FD/ISDT/2019-03-14
:61:201106D000000001195,76N216NONREF//BI909096168877-0
:86:/PREF/987602019/TRCD/178/INIT//NAME/RABO FD/ISDT/2019-03-14
:62F:C201106EUR000000078612,28
:64:C201106EUR000000078612,28
:65:C201106EUR000000078612,28
:65:C201106EUR000000078612,28
:65:C201106EUR000000078612,28
:65:C201106EUR000000078612,28
:20:940S190314
:25:NL21RABO0123456789 EUR
:28C:9301/1
:60F:C201110EUR000000078612,28
:61:201110C000000001203,52N216NONREF//BI909096168877-0
:86:/PREF/987602019/TRCD/178/INIT//NAME/RABO FD/ISDT/2019-03-14
:61:201110C000000001211,29N216NONREF//BI909096168877-0
:86:/PREF/987602019/TRCD/178/INIT//NAME/RABO FD/ISDT/2019-03-14
:61:201110C000000001219,06N216NONREF//BI909096168877-0
:86:/PREF/987602019/TRCD/178/INIT//NAME/RABO FD/ISDT/2019-03-14
:61:201110D000000001226,82N216NONREF//BI909096168877-0
:86:/PREF/987602019/TRCD/178/INIT//NAME/RABO FD/ISDT/2019-03-14
:61:201110C000000001234,59N216NONREF//BI909096168877-0
:86:/PREF/987602019/TRCD/178/INIT//NAME/RABO FD/ISDT/2019-03-14
:62F:C201110EUR000000082253,92
:64:C201110EUR000000082253,92
:65:C201110EUR000000082253,92
:65:C201110EUR000000082253,92
:65:C201110EUR000000082253,92
:65:C201110EUR000000082253,92
:20:940S190314
:25:NL21RABO0123456789 EUR
:28C:9401/1
:60F:C201111EUR000000082253,92
:61:201111C000000001242,36N216NONREF//BI909096168877-0
:86:/PREF/987602019/TRCD/178/INIT//NAME/RABO FD/ISDT/2019-03-14
:61:201111D000000001250,12N216NONREF//BI909096168877-0
:86:/PREF/987602019/TRCD/178/INIT//NAME/RABO FD/ISDT/2019-03-14
:62F:C201111EUR000000082246,16
:64:C201111EUR000000082246,16
:65:C201111EUR000000082246,16
:65:C201111EUR000000082246,16
:65:C201111EUR000000082246,16
:65:C201111EUR000000082246,16
:20:940S190314
:25:NL21RABO0123456789 EUR
:28C:9501/1
:60F:C201112EUR000000082246,16
:61:201112C000000001257,89N216NONREF//BI909096168877-0
:86:/PREF/987602019/TRCD/178/INIT//NAME/RABO FD/ISDT/2019-03-14
:61:201112C000000001265,66N216NONREF//BI909096168877-0
:86:/PREF/987602019/TRCD/178/INIT//NAME/RABO FD/ISDT/2019-03-14
:62F:C201112EUR000000084769,71
:64:C201112EUR000000084769,71
:65:C201112EUR000000084769,71
:65:C201112EUR000000084769,71
:65:C201112EUR000000084769,71
:65:C201112EUR000000084769,71
:20:940S190314
:25:NL21RABO0123456789 EUR
:28C:9601/1
:60F:C201113EUR000000084769,71
:61:201113C000000001273,42N216NONREF//BI909096168877-0
:86:/PREF/987602019/TRCD/178/INIT//NAME/RABO FD/ISDT/2019-03-14
:61:201113D000000001281,19N216NONREF//BI909096168877-0
:86:/PREF/987602019/TRCD/178/INIT//NAME/RABO FD/ISDT/2019-03-14
:62F:C201113EUR000000084761,94
:64:C201113EUR000000084761,94
:65:C201113EUR000000084761,94
:65:C201113EUR000000084761,94
:65:C201113EUR000000084761,94
:65:C201113EUR000000084761,94
:20:940S190314
:25:NL21RABO0123456789 EUR
:28C:9701/1
:60F:C201114EUR000000084761,94
:61:201114C000000001288,96N216NONREF//BI909096168877-0
:86:/PREF/987602019/TRCD/178/INIT//NAME/RABO FD/ISDT/2019-03-14
:61:201114C000000001296,72N216NONREF//BI909096168877-0
:86:/PREF/987602019/TRCD/178/INIT//NAME/RABO FD/ISDT/2019-03-14
:61:201114C000000001304,49N216NONREF//BI909096168877-0
:86:/PREF/987602019/TRCD/178/INIT//NAME/RABO FD/ISDT/2019-03-14
:62F:C201114EUR000000088652,11
:64:C201114EUR000000088652,11
:65:C201114EUR000000088652,11
:65:C201114EUR000000088652,11
:65:C201114EUR000000088652,11
:65:C201114EUR000000088652,11
:20:940S190314
:25:NL21RABO0123456789 EUR
:28C:9801/1
:60F:C201115EUR000000088652,11
:61:201115D000000001312,26N216NONREF//BI909096168877-0
:86:/PREF/987602019/TRCD/178/INIT//NAME/RABO FD/ISDT/2019-03-14
:61:201115C000000001320,02N216NONREF//BI909096168877-0
:86:/PREF/987602019/TRCD/178/INIT//NAME/RABO FD/ISDT/2019-03-14
:62F:C201115EUR000000088659,87
:64:C201115EUR000000088659,87
:65:C201115EUR000000088659,87
:65:C201115EUR000000088659,87
:65:C201115EUR000000088659,87
:65:C201115EUR000000088659,87
:20:940S190314
:25:NL21RABO0123456789 EUR
:28C:9901/1
:60F:C201116EUR000000088659,87
:61:201116C000000001327,79N216NONREF//BI909096168877-0
:86:/PREF/987602019/TRCD/178/INIT//NAME/RABO FD/ISDT/2019-03-14
:61:201116C000000001335,56N216NONREF//BI909096168877-0
:86:/PREF/987602019/TRCD/178/INIT//NAME/RABO FD/ISDT/2019-03-14
:62F:C201116EUR000000091323,22
:64:C201116EUR000000091323,22
:65:C201116EUR000000091323,22
:65:C201116EUR000000091323,22
:65:C201116EUR000000091323,22
:65:C201116EUR000000091323,22
:20:940S190314
:25:NL21RABO0123456789 EUR
:28C:10001/1
:60F:C201117EUR000000091323,22
:61:201117D000000001343,32N216NONREF//BI909096168877-0
:86:/PREF/987602019/TRCD/178/INIT//NAME/RABO FD/ISDT/2019-03-14
:61:201117C000000001351,09N216NONREF//BI909096168877-0
:86:/PREF/987602019/TRCD/178/INIT//NAME/RABO FD/ISDT/2019-03-14
:62F:C201117EUR000000091330,99
:64:C201117EUR000000091330,99
:65:C201117EUR000000091330,99
:65:C201117EUR000000091330,99
:65:C201117EUR000000091330,99
:65:C201117EUR000000091330,99
:20:940S190314
:25:NL21RABO0123456789 EUR
:28C:10101/1
:60F:C201118EUR000000091330,99
:61:201118C000000001358,86N216NONREF//BI909096168877-0
:86:/PREF/987602019/TRCD/178/INIT//NAME/RABO FD/ISDT/2019-03-14
:61:201118D000000001366,62N216NONREF//BI909096168877-0
:86:/PREF/987602019/TRCD/178/INIT//NAME/RABO FD/ISDT/2019-03-14
:62F:C201118EUR000000091323,23
:64:C201118EUR000000091323,23
:65:C201118EUR000000091323,23
:65:C201118EUR000000091323,23
:65:C201118EUR000000091323,23
:65:C201118EUR000000091323,23
:20:940S190314
:25:NL21RABO0123456789 EUR
:28C:10201/1
:60F:C201119EUR000000091323,23
:61:201119C000000001374,39N216NONREF//BI909096168877-0
:86:/PREF/987602019/TRCD/178/INIT//NAME/RABO FD/ISDT/2019-03-14
:61:201119C000000001382,16N216NONREF//BI909096168877-0
:86:/PREF/987602019/TRCD/178/INIT//NAME/RABO FD/ISDT/2019-03-14
:61:201119C000000001389,92N216NONREF//BI909096168877-0
:86:/PREF/987602019/TRCD/178/INIT//NAME/RABO FD/ISDT/2019-03-14
:62F:C201119EUR0000000095469,7
:64:C201119EUR0000000095469,7
:65:C201119EUR0000000095469,7
:65:C201119EUR0000000095469,7
:65:C201119EUR0000000095469,7
:65:C201119EUR0000000095469,7
:20:940S190314
:25:NL21RABO0123456789 EUR
:28C:10301/1
:60F:C201120EUR0000000095469,7
:61:201120D000000001397,69N216NONREF//BI909096168877-0
:86:/PREF/987602019/TRCD/178/INIT//NAME/RABO FD/ISDT/2019-03-14
:61:201120C000000001405,46N216NONREF//BI909096168877-0
:86:/PREF/987602019/TRCD/178/INIT//NAME/RABO FD/ISDT/2019-03-14
:61:201120C000000001413,22N216NONREF//BI909096168877-0
:86:/PREF/987602019/TRCD/178/INIT//NAME/RABO FD/ISDT/2019-03-14
:62F:C201120EUR000000096890,69
:64:C201120EUR000000096890,69
:65:C201120EUR000000096890,69
:65:C201120EUR000000096890,69
:65:C201120EUR000000096890,69
:65:C201120EUR000000096890,69
:20:940S190314
:25:NL21RABO0123456789 EUR
:28C:10401/1
:60F:C201121EUR000000096890,69
:61:201121C000000001420,99N216NONREF//BI909096168877-0
:86:/PREF/987602019/TRCD/178/INIT//NAME/RABO FD/ISDT/2019-03-14
:61:201121D000000001428,76N216NONREF//BI909096168877-0
:86:/PREF/987602019/TRCD/178/INIT//NAME/RABO FD/ISDT/2019-03-14
:62F:C201121EUR000000096882,92
:64:C201121EUR000000096882,92
:65:C201121EUR000000096882,92
:65:C201121EUR000000096882,92
:65:C201121EUR000000096882,92
:65:C201121EUR000000096882,92
:20:940S190314
:25:NL21RABO0123456789 EUR
:28C:10501/1
:60F:C201122EUR000000096882,92
:61:201122C000000001436,52N216NONREF//BI909096168877-0
:86:/PREF/987602019/TRCD/178/INIT//NAME/RABO FD/ISDT/2019-03-14
:61:201122C000000001444,29N216NONREF//BI909096168877-0
:86:/PREF/987602019/TRCD/178/INIT//NAME/RABO FD/ISDT/2019-03-14
:62F:C201122EUR000000099763,73
:64:C201122EUR000000099763,73
:65:C201122EUR000000099763,73
:65:C201122EUR000000099763,73
:65:C201122EUR000000099763,73
:65:C201122EUR000000099763,73
:20:940S190314
:25:NL21RABO0123456789 EUR
:28C:10601/1
:60F:C201123EUR000000099763,73
:61:201123C000000001452,06N216NONREF//BI909096168877-0
:86:/PREF/987602019/TRCD/178/INIT//NAME/RABO FD/ISDT/2019-03-14
:61:201123D000000001459,82N216NONREF//BI909096168877-0
:86:/PREF/987602019/TRCD/178/INIT//NAME/RABO FD/ISDT/2019-03-14
:62F:C201123EUR000000099755,97
:64:C201123EUR000000099755,97
:65:C201123EUR000000099755,97
:65:C201123EUR000000099755,97
:65:C201123EUR000000099755,97
:65:C201123EUR000000099755,97
:20:940S190314
:25:NL21RABO0123456789 EUR
:28C:10701/1
:60F:C201124EUR000000099755,97
:61:201124C000000001467,59N216NONREF//BI909096168877-0
:86:/PREF/987602019/TRCD/178/INIT//NAME/RABO FD/ISDT/2019-03-14
:61:201124C000000001475,36N216NONREF//BI909096168877-0
:86:/PREF/987602019/TRCD/178/INIT//NAME/RABO FD/ISDT/2019-03-14
:61:201124D000000001483,12N216NONREF//BI909096168877-0
:86:/PREF/987602019/TRCD/178/INIT//NAME/RABO FD/ISDT/2019-03-14
:62F:C201124EUR0000000101215,8
:64:C201124EUR0000000101215,8
:65:C201124EUR0000000101215,8
:65:C201124EUR0000000101215,8
:65:C201124EUR0000000101215,8
:65:C201124EUR0000000101215,8
:20:940S190314
:25:NL21RABO0123456789 EUR
:28C:10801/1
:60F:C201126EUR0000000101215,8
:61:201126C000000001490,89N216NONREF//BI909096168877-0
:86:/PREF/987602019/TRCD/178/INIT//NAME/RABO FD/ISDT/2019-03-14
:61:201126C000000001498,66N216NONREF//BI909096168877-0
:86:/PREF/987602019/TRCD/178/INIT//NAME/RABO FD/ISDT/2019-03-14
:61:201126C000000001506,42N216NONREF//BI909096168877-0
:86:/PREF/987602019/TRCD/178/INIT//NAME/RABO FD/ISDT/2019-03-14
:62F:C201126EUR000000105711,77
:64:C201126EUR000000105711,77
:65:C201126EUR000000105711,77
:65:C201126EUR000000105711,77
:65:C201126EUR000000105711,77
:65:C201126EUR000000105711,77
:20:940S190314
:25:NL21RABO0123456789 EUR
:28C:10901/1
:60F:C201127EUR000000105711,77
:61:201127D000000001514,19N216NONREF//BI909096168877-0
:86:/PREF/987602019/TRCD/178/INIT//NAME/RABO FD/ISDT/2019-03-14
:61:201127C000000001521,96N216NONREF//BI909096168877-0
:86:/PREF/987602019/TRCD/178/INIT//NAME/RABO FD/ISDT/2019-03-14
:62F:C201127EUR000000105719,54
:64:C201127EUR000000105719,54
:65:C201127EUR000000105719,54
:65:C201127EUR000000105719,54
:65:C201127EUR000000105719,54
:65:C201127EUR000000105719,54
:20:940S190314
:25:NL21RABO0123456789 EUR
:28C:11001/1
:60F:C201127EUR000000105719,54
:61:201127C000000001529,72N216NONREF//BI909096168877-0
:86:/PREF/987602019/TRCD/178/INIT//NAME/RABO FD/ISDT/2019-03-14
:61:201127C000000001537,49N216NONREF//BI909096168877-0
:86:/PREF/987602019/TRCD/178/INIT//NAME/RABO FD/ISDT/2019-03-14
:62F:C201127EUR000000108786,75
:64:C201127EUR000000108786,75
:65:C201127EUR000000108786,75
:65:C201127EUR000000108786,75
:65:C201127EUR000000108786,75
:65:C201127EUR000000108786,75
:20:940S190314
:25:NL21RABO0123456789 EUR
:28C:11101/1
:60F:C201127EUR000000108786,75
:61:201127D000000001545,26N216NONREF//BI909096168877-0
:86:/PREF/987602019/TRCD/178/INIT//NAME/RABO FD/ISDT/2019-03-14
:61:201127C000000001553,02N216NONREF//BI909096168877-0
:86:/PREF/987602019/TRCD/178/INIT//NAME/RABO FD/ISDT/2019-03-14
:62F:C201127EUR000000108794,51
:64:C201127EUR000000108794,51
:65:C201127EUR000000108794,51
:65:C201127EUR000000108794,51
:65:C201127EUR000000108794,51
:65:C201127EUR000000108794,51
:20:940S190314
:25:NL21RABO0123456789 EUR
:28C:11201/1
:60F:C201127EUR000000108794,51
:61:201127C000000001560,79N216NONREF//BI909096168877-0
:86:/PREF/987602019/TRCD/178/INIT//NAME/RABO FD/ISDT/2019-03-14
:61:201127C000000001568,56N216NONREF//BI909096168877-0
:86:/PREF/987602019/TRCD/178/INIT//NAME/RABO FD/ISDT/2019-03-14
:61:201127D000000001576,32N216NONREF//BI909096168877-0
:86:/PREF/987602019/TRCD/178/INIT//NAME/RABO FD/ISDT/2019-03-14
:62F:C201127EUR000000110347,54
:64:C201127EUR000000110347,54
:65:C201127EUR000000110347,54
:65:C201127EUR000000110347,54
:65:C201127EUR000000110347,54
:65:C201127EUR000000110347,54
:20:940S190314
:25:NL21RABO0123456789 EUR
:28C:11301/1
:60F:C201127EUR000000110347,54
:61:201127C000000001584,09N216NONREF//BI909096168877-0
:86:/PREF/987602019/TRCD/178/INIT//NAME/RABO FD/ISDT/2019-03-14
:61:201127C000000001591,86N216NONREF//BI909096168877-0
:86:/PREF/987602019/TRCD/178/INIT//NAME/RABO FD/ISDT/2019-03-14
:62F:C201127EUR000000113523,49
:64:C201127EUR000000113523,49
:65:C201127EUR000000113523,49
:65:C201127EUR000000113523,49
:65:C201127EUR000000113523,49
:65:C201127EUR000000113523,49
:20:940S190314
:25:NL21RABO0123456789 EUR
:28C:11401/1
:60F:C201201EUR000000113523,49
:61:201201D000000001599,62N216NONREF//BI909096168877-0
:86:/PREF/987602019/TRCD/178/INIT//NAME/RABO FD/ISDT/2019-03-14
:61:201201C000000001607,39N216NONREF//BI909096168877-0
:86:/PREF/987602019/TRCD/178/INIT//NAME/RABO FD/ISDT/2019-03-14
:61:201201C000000001615,16N216NONREF//BI909096168877-0
:86:/PREF/987602019/TRCD/178/INIT//NAME/RABO FD/ISDT/2019-03-14
:62F:C201201EUR000000115146,42
:64:C201201EUR000000115146,42
:65:C201201EUR000000115146,42
:65:C201201EUR000000115146,42
:65:C201201EUR000000115146,42
:65:C201201EUR000000115146,42
:20:940S190314
:25:NL21RABO0123456789 EUR
:28C:11501/1
:60F:C201202EUR000000115146,42
:61:201202C000000001622,92N216NONREF//BI909096168877-0
:86:/PREF/987602019/TRCD/178/INIT//NAME/RABO FD/ISDT/2019-03-14
:61:201202D000000001630,69N216NONREF//BI909096168877-0
:86:/PREF/987602019/TRCD/178/INIT//NAME/RABO FD/ISDT/2019-03-14
:62F:C201202EUR000000115138,65
:64:C201202EUR000000115138,65
:65:C201202EUR000000115138,65
:65:C201202EUR000000115138,65
:65:C201202EUR000000115138,65
:65:C201202EUR000000115138,65
:20:940S190314
:25:NL21RABO0123456789 EUR
:28C:11601/1
:60F:C201203EUR000000115138,65
:61:201203C000000001638,46N216NONREF//BI909096168877-0
:86:/PREF/987602019/TRCD/178/INIT//NAME/RABO FD/ISDT/2019-03-14
:61:201203C000000001646,22N216NONREF//BI909096168877-0
:86:/PREF/987602019/TRCD/178/INIT//NAME/RABO FD/ISDT/2019-03-14
:62F:C201203EUR000000118423,33
:64:C201203EUR000000118423,33
:65:C201203EUR000000118423,33
:65:C201203EUR000000118423,33
:65:C201203EUR000000118423,33
:65:C201203EUR000000118423,33
:20:940S190314
:25:NL21RABO0123456789 EUR
:28C:11701/1
:60F:C201204EUR000000118423,33
:61:201204C000000001653,99N216NONREF//BI909096168877-0
:86:/PREF/987602019/TRCD/178/INIT//NAME/RABO FD/ISDT/2019-03-14
:61:201204D000000001661,76N216NONREF//BI909096168877-0
:86:/PREF/987602019/TRCD/178/INIT//NAME/RABO FD/ISDT/2019-03-14
:62F:C201204EUR000000118415,56
:64:C201204EUR000000118415,56
:65:C201204EUR000000118415,56
:65:C201204EUR000000118415,56
:65:C201204EUR000000118415,56
:65:C201204EUR000000118415,56
:20:940S190314
:25:NL21RABO0123456789 EUR
:28C:11801/1
:60F:C201204EUR000000118415,56
:61:201204C000000001669,52N216NONREF//BI909096168877-0
:86:/PREF/987602019/TRCD/178/INIT//NAME/RABO FD/ISDT/2019-03-14
:61:201204C000000001677,29N216NONREF//BI909096168877-0
:86:/PREF/987602019/TRCD/178/INIT//NAME/RABO FD/ISDT/2019-03-14
:61:201204C000000001685,06N216NONREF//BI909096168877-0
:86:/PREF/987602019/TRCD/178/INIT//NAME/RABO FD/ISDT/2019-03-14
:62F:C201204EUR000000123447,43
:64:C201204EUR000000123447,43
:65:C201204EUR000000123447,43
:65:C201204EUR000000123447,43
:65:C201204EUR000000123447,43
:65:C201204EUR000000123447,43
:20:940S190314
:25:NL21RABO0123456789 EUR
:28C:11901/1
:60F:C201206EUR000000123447,43
:61:201206D000000001692,82N216NONREF//BI909096168877-0
:86:/PREF/987602019/TRCD/178/INIT//NAME/RABO FD/ISDT/2019-03-14
:61:201206C000000001700,59N216NONREF//BI909096168877-0
:86:/PREF/987602019/TRCD/178/INIT//NAME/RABO FD/ISDT/2019-03-14
:62F:C201206EUR0000000123455,2
:64:C201206EUR0000000123455,2
:65:C201206EUR0000000123455,2
:65:C201206EUR0000000123455,2
:65:C201206EUR0000000123455,2
:65:C201206EUR0000000123455,2
:20:940S190314
:25:NL21RABO0123456789 EUR
:28C:12001/1
:60F:C201207EUR0000000123455,2
:61:201207C000000001708,36N216NONREF//BI909096168877-0
:86:/PREF/987602019/TRCD/178/INIT//NAME/RABO FD/ISDT/2019-03-14
:61:201207D000000001716,12N216NONREF//BI909096168877-0
:86:/PREF/987602019/TRCD/178/INIT//NAME/RABO FD/ISDT/2019-03-14
:62F:C201207EUR000000123447,44
:64:C201207EUR000000123447,44
:65:C201207EUR000000123447,44
:65:C201207EUR000000123447,44
:65:C201207EUR000000123447,44
:65:C201207EUR000000123447,44
:20:940S190314
:25:NL21RABO0123456789 EUR
:28C:12101/1
:60F:C201208EUR000000123447,44
:61:201208C000000001723,89N216NONREF//BI909096168877-0
:86:/PREF/987602019/TRCD/178/INIT//NAME/RABO FD/ISDT/2019-03-14
:61:201208C000000001731,66N216NONREF//BI909096168877-0
:86:/PREF/987602019/TRCD/178/INIT//NAME/RABO FD/ISDT/2019-03-14
:62F:C201208EUR000000126902,99
:64:C201208EUR000000126902,99
:65:C201208EUR000000126902,99
:65:C201208EUR000000126902,99
:65:C201208EUR000000126902,99
:65:C201208EUR000000126902,99
:20:940S190314
:25:NL21RABO0123456789 EUR
:28C:12201/1
:60F:C201209EUR000000126902,99
:61:201209C000000001739,42N216NONREF//BI909096168877-0
:86:/PREF/987602019/TRCD/178/INIT//NAME/RABO FD/ISDT/2019-03-14
:61:201209D000000001747,19N216NONREF//BI909096168877-0
:86:/PREF/987602019/TRCD/178/INIT//NAME/RABO FD/ISDT/2019-03-14
:62F:C201209EUR000000126895,22
:64:C201209EUR000000126895,22
:65:C201209EUR000000126895,22
:65:C201209EUR000000126895,22
:65:C201209EUR000000126895,22
:65:C201209EUR000000126895,22
:20:940S190314
:25:NL21RABO0123456789 EUR
:28C:12301/1
:60F:C201210EUR000000126895,22
:61:201210C000000001754,96N216NONREF//BI909096168877-0
:86:/PREF/987602019/TRCD/178/INIT//NAME/RABO FD/ISDT/2019-03-14
:61:201210C000000001762,72N216NONREF//BI909096168877-0
:86:/PREF/987602019/TRCD/178/INIT//NAME/RABO FD/ISDT/2019-03-14
:61:201210C000000001770,49N216NONREF//BI909096168877-0
:86:/PREF/987602019/TRCD/178/INIT//NAME/RABO FD/ISDT/2019-03-14
:62F:C201210EUR000000132183,39
:64:C201210EUR000000132183,39
:65:C201210EUR000000132183,39
:65:C201210EUR000000132183,39
:65:C201210EUR000000132183,39
:65:C201210EUR000000132183,39
:20:940S190314
:25:NL21RABO0123456789 EUR
:28C:12401/1
:60F:C201210EUR000000132183,39
:61:201210D000000001778,26N216NONREF//BI909096168877-0
:86:/PREF/987602019/TRCD/178/INIT//NAME/RABO FD/ISDT/2019-03-14
:61:201210C000000001786,02N216NONREF//BI909096168877-0
:86:/PREF/987602019/TRCD/178/INIT//NAME/RABO FD/ISDT/2019-03-14
:62F:C201210EUR000000132191,15
:64:C201210EUR000000132191,15
:65:C201210EUR000000132191,15
:65:C201210EUR000000132191,15
:65:C201210EUR000000132191,15
:65:C201210EUR000000132191,15
:20:940S190314
:25:NL21RABO0123456789 EUR
:28C:12501/1
:60F:C201210EUR000000132191,15
:61:201210C000000001793,79N216NONREF//BI909096168877-0
:86:/PREF/987602019/TRCD/178/INIT//NAME/RABO FD/ISDT/2019-03-14
:61:201210C000000001801,56N216NONREF//BI909096168877-0
:86:/PREF/987602019/TRCD/178/INIT//NAME/RABO FD/ISDT/2019-03-14
:62F:C201210EUR0000000135786,5
:64:C201210EUR0000000135786,5
:65:C201210EUR0000000135786,5
:65:C201210EUR0000000135786,5
:65:C201210EUR0000000135786,5
:65:C201210EUR0000000135786,5
:20:940S190314
:25:NL21RABO0123456789 EUR
:28C:12601/1
:60F:C201210EUR0000000135786,5
:61:201210D000000001809,32N216NONREF//BI909096168877-0
:86:/PREF/987602019/TRCD/178/INIT//NAME/RABO FD/ISDT/2019-03-14
:61:201210C000000001817,09N216NONREF//BI909096168877-0
:86:/PREF/987602019/TRCD/178/INIT//NAME/RABO FD/ISDT/2019-03-14
:62F:C201210EUR000000135794,27
:64:C201210EUR000000135794,27
:65:C201210EUR000000135794,27
:65:C201210EUR000000135794,27
:65:C201210EUR000000135794,27
:65:C201210EUR000000135794,27
:20:940S190314
:25:NL21RABO0123456789 EUR
:28C:12701/1
:60F:C201210EUR000000135794,27
:61:201210C000000001824,86N216NONREF//BI909096168877-0
:86:/PREF/987602019/TRCD/178/INIT//NAME/RABO FD/ISDT/2019-03-14
:61:201210D000000001832,62N216NONREF//BI909096168877-0
:86:/PREF/987602019/TRCD/178/INIT//NAME/RABO FD/ISDT/2019-03-14
:61:201210C000000001840,39N216NONREF//BI909096168877-0
:86:/PREF/987602019/TRCD/178/INIT//NAME/RABO FD/ISDT/2019-03-14
:62F:C201210EUR0000000137626,9
:64:C201210EUR0000000137626,9
:65:C201210EUR0000000137626,9
:65:C201210EUR0000000137626,9
:65:C201210EUR0000000137626,9
:65:C201210EUR0000000137626,9
:20:940S190314
:25:NL21RABO0123456789 EUR
:28C:12801/1
:60F:C201210EUR0000000137626,9
:61:201210C000000001848,16N216NONREF//BI909096168877-0
:86:/PREF/987602019/TRCD/178/INIT//NAME/RABO FD/ISDT/2019-03-14
:61:201210C000000001855,92N216NONREF//BI909096168877-0
:86:/PREF/987602019/TRCD/178/INIT//NAME/RABO FD/ISDT/2019-03-14
:62F:C201210EUR000000141330,98
:64:C201210EUR000000141330,98
:65:C201210EUR000000141330,98
:65:C201210EUR000000141330,98
:65:C201210EUR000000141330,98
:65:C201210EUR000000141330,98
:20:940S190314
:25:NL21RABO0123456789 EUR
:28C:12901/1
:60F:C201216EUR000000141330,98
:61:201216D000000001863,69N216NONREF//BI909096168877-0
:86:/PREF/987602019/TRCD/178/INIT//NAME/RABO FD/ISDT/2019-03-14
:61:201216C000000001871,46N216NONREF//BI909096168877-0
:86:/PREF/987602019/TRCD/178/INIT//NAME/RABO FD/ISDT/2019-03-14
:62F:C201216EUR000000141338,75
:64:C201216EUR000000141338,75
:65:C201216EUR000000141338,75
:65:C201216EUR000000141338,75
:65:C201216EUR000000141338,75
:65:C201216EUR000000141338,75
:20:940S190314
:25:NL21RABO0123456789 EUR
:28C:13001/1
:60F:C201217EUR000000141338,75
:61:201217C000000001879,22N216NONREF//BI909096168877-0
:86:/PREF/987602019/TRCD/178/INIT//NAME/RABO FD/ISDT/2019-03-14
:61:201217C000000001886,99N216NONREF//BI909096168877-0
:86:/PREF/987602019/TRCD/178/INIT//NAME/RABO FD/ISDT/2019-03-14
:62F:C201217EUR000000145104,96
:64:C201217EUR000000145104,96
:65:C201217EUR000000145104,96
:65:C201217EUR000000145104,96
:65:C201217EUR000000145104,96
:65:C201217EUR000000145104,96
:20:940S190314
:25:NL21RABO0123456789 EUR
:28C:13101/1
:60F:C201217EUR000000145104,96
:61:201217D000000001894,76N216NONREF//BI909096168877-0
:86:/PREF/987602019/TRCD/178/INIT//NAME/RABO FD/ISDT/2019-03-14
:61:201217C000000001902,52N216NONREF//BI909096168877-0
:86:/PREF/987602019/TRCD/178/INIT//NAME/RABO FD/ISDT/2019-03-14
:62F:C201217EUR000000145112,72
:64:C201217EUR000000145112,72
:65:C201217EUR000000145112,72
:65:C201217EUR000000145112,72
:65:C201217EUR000000145112,72
:65:C201217EUR000000145112,72
:20:940S190314
:25:NL21RABO0123456789 EUR
:28C:13201/1
:60F:C201217EUR000000145112,72
:61:201217C000000001910,29N216NONREF//BI909096168877-0
:86:/PREF/987602019/TRCD/178/INIT//NAME/RABO FD/ISDT/2019-03-14
:61:201217C000000001918,06N216NONREF//BI909096168877-0
:86:/PREF/987602019/TRCD/178/INIT//NAME/RABO FD/ISDT/2019-03-14
:61:201217D000000001925,82N216NONREF//BI909096168877-0
:86:/PREF/987602019/TRCD/178/INIT//NAME/RABO FD/ISDT/2019-03-14
:61:201217C000000001933,59N216NONREF//BI909096168877-0
:86:/PREF/987602019/TRCD/178/INIT//NAME/RABO FD/ISDT/2019-03-14
:61:201217C000000001941,36N216NONREF//BI909096168877-0
:86:/PREF/987602019/TRCD/178/INIT//NAME/RABO FD/ISDT/2019-03-14
:62F:C201217EUR0000000150890,2
:64:C201217EUR0000000150890,2
:65:C201217EUR0000000150890,2
:65:C201217EUR0000000150890,2
:65:C201217EUR0000000150890,2
:65:C201217EUR0000000150890,2
:20:940S190314
:25:NL21RABO0123456789 EUR
:28C:13301/1
:60F:C201217EUR0000000150890,2
:61:201217D000000001949,12N216NONREF//BI909096168877-0
:86:/PREF/987602019/TRCD/178/INIT//NAME/RABO FD/ISDT/2019-03-14
:61:201217C000000001956,89N216NONREF//BI909096168877-0
:86:/PREF/987602019/TRCD/178/INIT//NAME/RABO FD/ISDT/2019-03-14
:62F:C201217EUR000000150897,97
:64:C201217EUR000000150897,97
:65:C201217EUR000000150897,97
:65:C201217EUR000000150897,97
:65:C201217EUR000000150897,97
:65:C201217EUR000000150897,97
:20:940S190314
:25:NL21RABO0123456789 EUR
:28C:13401/1
:60F:C201217EUR000000150897,97
:61:201217C000000001964,66N216NONREF//BI909096168877-0
:86:/PREF/987602019/TRCD/178/INIT//NAME/RABO FD/ISDT/2019-03-14
:61:201217C000000001972,42N216NONREF//BI909096168877-0
:86:/PREF/987602019/TRCD/178/INIT//NAME/RABO FD/ISDT/2019-03-14
:62F:C201217EUR000000154835,05
:64:C201217EUR000000154835,05
:65:C201217EUR000000154835,05
:65:C201217EUR000000154835,05
:65:C201217EUR000000154835,05
:65:C201217EUR000000154835,05
:20:940S190314
:25:NL21RABO0123456789 EUR
:28C:13501/1
:60F:C201217EUR000000154835,05
:61:201217D000000001980,19N216NONREF//BI909096168877-0
:86:/PREF/987602019/TRCD/178/INIT//NAME/RABO FD/ISDT/2019-03-14
:61:201217C000000001987,96N216NONREF//BI909096168877-0
:86:/PREF/987602019/TRCD/178/INIT//NAME/RABO FD/ISDT/2019-03-14
:62F:C201217EUR000000154842,82
:64:C201217EUR000000154842,82
:65:C201217EUR000000154842,82
:65:C201217EUR000000154842,82
:65:C201217EUR000000154842,82
:65:C201217EUR000000154842,82
:20:940S190314
:25:NL21RABO0123456789 EUR
:28C:13601/1
:60F:C201223EUR000000154842,82
:61:201223C000000001995,72N216NONREF//BI909096168877-0
:86:/PREF/987602019/TRCD/178/INIT//NAME/RABO FD/ISDT/2019-03-14
:61:201223C000000002003,49N216NONREF//BI909096168877-0
:86:/PREF/987602019/TRCD/178/INIT//NAME/RABO FD/ISDT/2019-03-14
:61:201223D000000002011,26N216NONREF//BI909096168877-0
:86:/PREF/987602019/TRCD/178/INIT//NAME/RABO FD/ISDT/2019-03-14
:62F:C201223EUR000000156830,77
:64:C201223EUR000000156830,77
:65:C201223EUR000000156830,77
:65:C201223EUR000000156830,77
:65:C201223EUR000000156830,77
:65:C201223EUR000000156830,77
:20:940S190314
:25:NL21RABO0123456789 EUR
:28C:13701/1
:60F:C201224EUR000000156830,77
:61:201224C000000002019,02N216NONREF//BI909096168877-0
:86:/PREF/987602019/TRCD/178/INIT//NAME/RABO FD/ISDT/2019-03-14
:61:201224C000000002026,79N216NONREF//BI909096168877-0
:86:/PREF/987602019/TRCD/178/INIT//NAME/RABO FD/ISDT/2019-03-14
:62F:C201224EUR000000160876,58
:64:C201224EUR000000160876,58
:65:C201224EUR000000160876,58
:65:C201224EUR000000160876,58
:65:C201224EUR000000160876,58
:65:C201224EUR000000160876,58
:20:940S190314
:25:NL21RABO0123456789 EUR
:28C:13801/1
:60F:C201224EUR000000160876,58
:61:201224C000000002034,56N216NONREF//BI909096168877-0
:86:/PREF/987602019/TRCD/178/INIT//NAME/RABO FD/ISDT/2019-03-14
:61:201224D000000002042,32N216NONREF//BI909096168877-0
:86:/PREF/987602019/TRCD/178/INIT//NAME/RABO FD/ISDT/2019-03-14
:62F:C201224EUR000000160868,82
:64:C201224EUR000000160868,82
:65:C201224EUR000000160868,82
:65:C201224EUR000000160868,82
:65:C201224EUR000000160868,82
:65:C201224EUR000000160868,82
:20:940S190314
:25:NL21RABO0123456789 EUR
:28C:13901/1
:60F:C201224EUR000000160868,82
:61:201224C000000002050,09N216NONREF//BI909096168877-0
:86:/PREF/987602019/TRCD/178/INIT//NAME/RABO FD/ISDT/2019-03-14
:61:201224C000000002057,86N216NONREF//BI909096168877-0
:86:/PREF/987602019/TRCD/178/INIT//NAME/RABO FD/ISDT/2019-03-14
:62F:C201224EUR000000164976,77
:64:C201224EUR000000164976,77
:65:C201224EUR000000164976,77
:65:C201224EUR000000164976,77
:65:C201224EUR000000164976,77
:65:C201224EUR000000164976,77
:20:940S190314
:25:NL21RABO0123456789 EUR
:28C:14001/1
:60F:C201227EUR000000164976,77
:61:201227D000000002065,62N216NONREF//BI909096168877-0
:86:/PREF/987602019/TRCD/178/INIT//NAME/RABO FD/ISDT/2019-03-14
:61:201227C000000002073,39N216NONREF//BI909096168877-0
:86:/PREF/987602019/TRCD/178/INIT//NAME/RABO FD/ISDT/2019-03-14
:62F:C201227EUR000000164984,54
:64:C201227EUR000000164984,54
:65:C201227EUR000000164984,54
:65:C201227EUR000000164984,54
:65:C201227EUR000000164984,54
:65:C201227EUR000000164984,54
:20:940S190314
:25:NL21RABO0123456789 EUR
:28C:14101/1
:60F:C201228EUR000000164984,54
:61:201228C000000002081,16N216NONREF//BI909096168877-0
:86:/PREF/987602019/TRCD/178/INIT//NAME/RABO FD/ISDT/2019-03-14
:61:201228C000000002088,92N216NONREF//BI909096168877-0
:86:/PREF/987602019/TRCD/178/INIT//NAME/RABO FD/ISDT/2019-03-14
:61:201228D000000002096,69N216NONREF//BI909096168877-0
:86:/PREF/987602019/TRCD/178/INIT//NAME/RABO FD/ISDT/2019-03-14
:62F:C201228EUR000000167057,93
:64:C201228EUR000000167057,93
:65:C201228EUR000000167057,93
:65:C201228EUR000000167057,93
:65:C201228EUR000000167057,93
:65:C201228EUR000000167057,93
:20:940S190314
:25:NL21RABO0123456789 EUR
:28C:14201/1
:60F:C201229EUR000000167057,93
:61:201229C000000002104,46N216NONREF//BI909096168877-0
:86:/PREF/987602019/TRCD/178/INIT//NAME/RABO FD/ISDT/2019-03-14
:61:201229C000000002112,22N216NONREF//BI909096168877-0
:86:/PREF/987602019/TRCD/178/INIT//NAME/RABO FD/ISDT/2019-03-14
:62F:C201229EUR000000171274,61
:64:C201229EUR000000171274,61
:65:C201229EUR000000171274,61
:65:C201229EUR000000171274,61
:65:C201229EUR000000171274,61
:65:C201229EUR000000171274,61
:20:940S190314
:25:NL21RABO0123456789 EUR
:28C:14301/1
:60F:C201230EUR000000171274,61
:61:201230C000000002119,99N216NONREF//BI909096168877-0
:86:/PREF/987602019/TRCD/178/INIT//NAME/RABO FD/ISDT/2019-03-14
:61:201230D000000002127,76N216NONREF//BI909096168877-0
:86:/PREF/987602019/TRCD/178/INIT//NAME/RABO FD/ISDT/2019-03-14
:62F:C201230EUR000000171266,84
:64:C201230EUR000000171266,84
:65:C201230EUR000000171266,84
:65:C201230EUR000000171266,84
:65:C201230EUR000000171266,84
:65:C201230EUR000000171266,84
:20:940S190314
:25:NL21RABO0123456789 EUR
:28C:14401/1
:60F:C201231EUR000000171266,84
:61:201231C000000002135,52N216NONREF//BI909096168877-0
:86:/PREF/987602019/TRCD/178/INIT//NAME/RABO FD/ISDT/2019-03-14
:61:201231C000000002143,29N216NONREF//BI909096168877-0
:86:/PREF/987602019/TRCD/178/INIT//NAME/RABO FD/ISDT/2019-03-14
:62F:C201231EUR000000175545,65
:64:C201231EUR000000175545,65
:65:C201231EUR000000175545,65
:65:C201231EUR000000175545,65
:65:C201231EUR000000175545,65
:65:C201231EUR000000175545,65
:20:940S190314
:25:NL21RABO0123456789 EUR
:28C:14501/1
:60F:C210101EUR000000175545,65
:61:210101C000000002151,06N216NONREF//BI909096168877-0
:86:/PREF/987602019/TRCD/178/INIT//NAME/RABO FD/ISDT/2019-03-14
:61:210101D000000002158,82N216NONREF//BI909096168877-0
:86:/PREF/987602019/TRCD/178/INIT//NAME/RABO FD/ISDT/2019-03-14
:61:210101C000000002166,59N216NONREF//BI909096168877-0
:86:/PREF/987602019/TRCD/178/INIT//NAME/RABO FD/ISDT/2019-03-14
:62F:C210101EUR000000177704,48
:64:C210101EUR000000177704,48
:65:C210101EUR000000177704,48
:65:C210101EUR000000177704,48
:65:C210101EUR000000177704,48
:65:C210101EUR000000177704,48
:20:940S190314
:25:NL21RABO0123456789 EUR
:28C:14601/1
:60F:C210102EUR000000177704,48
:61:210102C000000002174,36N216NONREF//BI909096168877-0
:86:/PREF/987602019/TRCD/178/INIT//NAME/RABO FD/ISDT/2019-03-14
:61:210102D000000002182,12N216NONREF//BI909096168877-0
:86:/PREF/987602019/TRCD/178/INIT//NAME/RABO FD/ISDT/2019-03-14
:62F:C210102EUR000000177696,72
:64:C210102EUR000000177696,72
:65:C210102EUR000000177696,72
:65:C210102EUR000000177696,72
:65:C210102EUR000000177696,72
:65:C210102EUR000000177696,72
:20:940S190314
:25:NL21RABO0123456789 EUR
:28C:14701/1
:60F:C210103EUR000000177696,72
:61:210103C000000002189,89N216NONREF//BI909096168877-0
:86:/PREF/987602019/TRCD/178/INIT//NAME/RABO FD/ISDT/2019-03-14
:61:210103C000000002197,66N216NONREF//BI909096168877-0
:86:/PREF/987602019/TRCD/178/INIT//NAME/RABO FD/ISDT/2019-03-14
:62F:C210103EUR000000182084,27
:64:C210103EUR000000182084,27
:65:C210103EUR000000182084,27
:65:C210103EUR000000182084,27
:65:C210103EUR000000182084,27
:65:C210103EUR000000182084,27
:20:940S190314
:25:NL21RABO0123456789 EUR
:28C:14801/1
:60F:C210104EUR000000182084,27
:61:210104C000000002205,42N216NONREF//BI909096168877-0
:86:/PREF/987602019/TRCD/178/INIT//NAME/RABO FD/ISDT/2019-03-14
:61:210104D000000002213,19N216NONREF//BI909096168877-0
:86:/PREF/987602019/TRCD/178/INIT//NAME/RABO FD/ISDT/2019-03-14
:62F:C210104EUR0000000182076,5
:64:C210104EUR0000000182076,5
:65:C210104EUR0000000182076,5
:65:C210104EUR0000000182076,5
:65:C210104EUR0000000182076,5
:65:C210104EUR0000000182076,5
:20:940S190314
:25:NL21RABO0123456789 EUR
:28C:14901/1
:60F:C210105EUR0000000182076,5
:61:210105C000000002220,96N216NONREF//BI909096168877-0
:86:/PREF/987602019/TRCD/178/INIT//NAME/RABO FD/ISDT/2019-03-14
:61:210105C000000002228,72N216NONREF//BI909096168877-0
:86:/PREF/987602019/TRCD/178/INIT//NAME/RABO FD/ISDT/2019-03-14
:62F:C210105EUR000000186526,18
:64:C210105EUR000000186526,18
:65:C210105EUR000000186526,18
:65:C210105EUR000000186526,18
:65:C210105EUR000000186526,18
:65:C210105EUR000000186526,18
:20:940S190314
:25:NL21RABO0123456789 EUR
:28C:15001/1
:60F:C210106EUR000000186526,18
:61:210106C000000002236,49N216NONREF//BI909096168877-0
:86:/PREF/987602019/TRCD/178/INIT//NAME/RABO FD/ISDT/2019-03-14
:61:210106D000000002244,26N216NONREF//BI909096168877-0
:86:/PREF/987602019/TRCD/178/INIT//NAME/RABO FD/ISDT/2019-03-14
:61:210106C000000002252,02N216NONREF//BI909096168877-0
:86:/PREF/987602019/TRCD/178/INIT//NAME/RABO FD/ISDT/2019-03-14
:61:210106C000000002259,79N216NONREF//BI909096168877-0
:86:/PREF/987602019/TRCD/178/INIT//NAME/RABO FD/ISDT/2019-03-14
:61:210106C000000002267,56N216NONREF//BI909096168877-0
:86:/PREF/987602019/TRCD/178/INIT//NAME/RABO FD/ISDT/2019-03-14
:62F:C210106EUR000000193297,78
:64:C210106EUR000000193297,78
:65:C210106EUR000000193297,78
:65:C210106EUR000000193297,78
:65:C210106EUR000000193297,78
:65:C210106EUR000000193297,78
:20:940S190314
:25:NL21RABO0123456789 EUR
:28C:15101/1
:60F:C210107EUR000000193297,78
:61:210107D000000002275,32N216NONREF//BI909096168877-0
:86:/PREF/987602019/TRCD/178/INIT//NAME/RABO FD/ISDT/2019-03-14
:61:210107C000000002283,09N216NONREF//BI909096168877-0
:86:/PREF/987602019/TRCD/178/INIT//NAME/RABO FD/ISDT/2019-03-14
:62F:C210107EUR000000193305,55
:64:C210107EUR000000193305,55
:65:C210107EUR000000193305,55
:65:C210107EUR000000193305,55
:65:C210107EUR000000193305,55
:65:C210107EUR000000193305,55
:20:940S190314
:25:NL21RABO0123456789 EUR
:28C:15201/1
:60F:C210108EUR000000193305,55
:61:210108C000000002290,86N216NONREF//BI909096168877-0
:86:/PREF/987602019/TRCD/178/INIT//NAME/RABO FD/ISDT/2019-03-14
:61:210108D000000002298,62N216NONREF//BI909096168877-0
:86:/PREF/987602019/TRCD/178/INIT//NAME/RABO FD/ISDT/2019-03-14
:62F:C210108EUR000000193297,79
:64:C210108EUR000000193297,79
:65:C210108EUR000000193297,79
:65:C210108EUR000000193297,79
:65:C210108EUR000000193297,79
:65:C210108EUR000000193297,79
:20:940S190314
:25:NL21RABO0123456789 EUR
:28C:15301/1
:60F:C210109EUR000000193297,79
:61:210109C000000002306,39N216NONREF//BI909096168877-0
:86:/PREF/987602019/TRCD/178/INIT//NAME/RABO FD/ISDT/2019-03-14
:61:210109C000000002314,16N216NONREF//BI909096168877-0
:86:/PREF/987602019/TRCD/178/INIT//NAME/RABO FD/ISDT/2019-03-14
:62F:C210109EUR000000197918,34
:64:C210109EUR000000197918,34
:65:C210109EUR000000197918,34
:65:C210109EUR000000197918,34
:65:C210109EUR000000197918,34
:65:C210109EUR000000197918,34
:20:940S190314
:25:NL21RABO0123456789 EUR
:28C:15401/1
:60F:C210110EUR000000197918,34
:61:210110C000000002321,92N216NONREF//BI909096168877-0
:86:/PREF/987602019/TRCD/178/INIT//NAME/RABO FD/ISDT/2019-03-14
:61:210110D000000002329,69N216NONREF//BI909096168877-0
:86:/PREF/987602019/TRCD/178/INIT//NAME/RABO FD/ISDT/2019-03-14
:61:210110C000000002337,46N216NONREF//BI909096168877-0
:86:/PREF/987602019/TRCD/178/INIT//NAME/RABO FD/ISDT/2019-03-14
:62F:C210110EUR000000200248,03
:64:C210110EUR000000200248,03
:65:C210110EUR000000200248,03
:65:C210110EUR000000200248,03
:65:C210110EUR000000200248,03
:65:C210110EUR000000200248,03
:20:940S190314
:25:NL21RABO0123456789 EUR
:28C:15501/1
:60F:C210111EUR000000200248,03
:61:210111C000000002345,22N216NONREF//BI909096168877-0
:86:/PREF/987602019/TRCD/178/INIT//NAME/RABO FD/ISDT/2019-03-14
:61:210111C000000002352,99N216NONREF//BI909096168877-0
:86:/PREF/987602019/TRCD/178/INIT//NAME/RABO FD/ISDT/2019-03-14
:62F:C210111EUR000000204946,24
:64:C210111EUR000000204946,24
:65:C210111EUR000000204946,24
:65:C210111EUR000000204946,24
:65:C210111EUR000000204946,24
:65:C210111EUR000000204946,24
:20:940S190314
:25:NL21RABO0123456789 EUR
:28C:15601/1
:60F:C210112EUR000000204946,24
:61:210112D000000002360,76N216NONREF//BI909096168877-0
:86:/PREF/987602019/TRCD/178/INIT//NAME/RABO FD/ISDT/2019-03-14
:61:210112C000000002368,52N216NONREF//BI909096168877-0
:86:/PREF/987602019/TRCD/178/INIT//NAME/RABO FD/ISDT/2019-03-14
:62F:C210112EUR0000000204954,0
:64:C210112EUR0000000204954,0
:65:C210112EUR0000000204954,0
:65:C210112EUR0000000204954,0
:65:C210112EUR0000000204954,0
:65:C210112EUR0000000204954,0
:20:940S190314
:25:NL21RABO0123456789 EUR
:28C:15701/1
:60F:C210113EUR0000000204954,0
:61:210113C000000002376,29N216NONREF//BI909096168877-0
:86:/PREF/987602019/TRCD/178/INIT//NAME/RABO FD/ISDT/2019-03-14
:61:210113C000000002384,06N216NONREF//BI909096168877-0
:86:/PREF/987602019/TRCD/178/INIT//NAME/RABO FD/ISDT/2019-03-14
:62F:C210113EUR000000209714,35
:64:C210113EUR000000209714,35
:65:C210113EUR000000209714,35
:65:C210113EUR000000209714,35
:65:C210113EUR000000209714,35
:65:C210113EUR000000209714,35
:20:940S190314
:25:NL21RABO0123456789 EUR
:28C:15801/1
:60F:C210114EUR000000209714,35
:61:210114D000000002391,82N216NONREF//BI909096168877-0
:86:/PREF/987602019/TRCD/178/INIT//NAME/RABO FD/ISDT/2019-03-14
:61:210114C000000002399,59N216NONREF//BI909096168877-0
:86:/PREF/987602019/TRCD/178/INIT//NAME/RABO FD/ISDT/2019-03-14
:62F:C210114EUR000000209722,12
:64:C210114EUR000000209722,12
:65:C210114EUR000000209722,12
:65:C210114EUR000000209722,12
:65:C210114EUR000000209722,12
:65:C210114EUR000000209722,12
:20:940S190314
:25:NL21RABO0123456789 EUR
:28C:15901/1
:60F:C210115EUR000000209722,12
:61:210115C000000002407,36N216NONREF//BI909096168877-0
:86:/PREF/987602019/TRCD/178/INIT//NAME/RABO FD/ISDT/2019-03-14
:61:210115D000000002415,12N216NONREF//BI909096168877-0
:86:/PREF/987602019/TRCD/178/INIT//NAME/RABO FD/ISDT/2019-03-14
:61:210115C000000002422,89N216NONREF//BI909096168877-0
:86:/PREF/987602019/TRCD/178/INIT//NAME/RABO FD/ISDT/2019-03-14
:62F:C210115EUR000000212137,25
:64:C210115EUR000000212137,25
:65:C210115EUR000000212137,25
:65:C210115EUR000000212137,25
:65:C210115EUR000000212137,25
:65:C210115EUR000000212137,25
:20:940S190314
:25:NL21RABO0123456789 EUR
:28C:16001/1
:60F:C210116EUR000000212137,25
:61:210116C000000002430,66N216NONREF//BI909096168877-0
:86:/PREF/987602019/TRCD/178/INIT//NAME/RABO FD/ISDT/2019-03-14
:61:210116C000000002438,42N216NONREF//BI909096168877-0
:86:/PREF/987602019/TRCD/178/INIT//NAME/RABO FD/ISDT/2019-03-14
:61:210116D000000002446,19N216NONREF//BI909096168877-0
:86:/PREF/987602019/TRCD/178/INIT//NAME/RABO FD/ISDT/2019-03-14
:62F:C210116EUR000000214560,14
:64:C210116EUR000000214560,14
:65:C210116EUR000000214560,14
:65:C210116EUR000000214560,14
:65:C210116EUR000000214560,14
:65:C210116EUR000000214560,14
:20:940S190314
:25:NL21RABO0123456789 EUR
:28C:16101/1
:60F:C210116EUR000000214560,14
:61:210116C000000002453,96N216NONREF//BI909096168877-0
:86:/PREF/987602019/TRCD/178/INIT//NAME/RABO FD/ISDT/2019-03-14
:61:210116C000000002461,72N216NONREF//BI909096168877-0
:86:/PREF/987602019/TRCD/178/INIT//NAME/RABO FD/ISDT/2019-03-14
:62F:C210116EUR000000219475,82
:64:C210116EUR000000219475,82
:65:C210116EUR000000219475,82
:65:C210116EUR000000219475,82
:65:C210116EUR000000219475,82
:65:C210116EUR000000219475,82
:20:940S190314
:25:NL21RABO0123456789 EUR
:28C:16201/1
:60F:C210118EUR000000219475,82
:61:210118C000000002469,49N216NONREF//BI909096168877-0
:86:/PREF/987602019/TRCD/178/INIT//NAME/RABO FD/ISDT/2019-03-14
:61:210118D000000002477,26N216NONREF//BI909096168877-0
:86:/PREF/987602019/TRCD/178/INIT//NAME/RABO FD/ISDT/2019-03-14
:62F:C210118EUR000000219468,05
:64:C210118EUR000000219468,05
:65:C210118EUR000000219468,05
:65:C210118EUR000000219468,05
:65:C210118EUR000000219468,05
:65:C210118EUR000000219468,05
:20:940S190314
:25:NL21RABO0123456789 EUR
:28C:16301/1
:60F:C210118EUR000000219468,05
:61:210118C000000002485,02N216NONREF//BI909096168877-0
:86:/PREF/987602019/TRCD/178/INIT//NAME/RABO FD/ISDT/2019-03-14
:61:210118C000000002492,79N216NONREF//BI909096168877-0
:86:/PREF/987602019/TRCD/178/INIT//NAME/RABO FD/ISDT/2019-03-14
:62F:C210118EUR000000224445,86
:64:C210118EUR000000224445,86
:65:C210118EUR000000224445,86
:65:C210118EUR000000224445,86
:65:C210118EUR000000224445,86
:65:C210118EUR000000224445,86
:20:940S190314
:25:NL21RABO0123456789 EUR
:28C:16401/1
:60F:C210120EUR000000224445,86
:61:210120C000000002500,56N216NONREF//BI909096168877-0
:86:/PREF/987602019/TRCD/178/INIT//NAME/RABO FD/ISDT/2019-03-14
:61:210120D000000002508,32N216NONREF//BI909096168877-0
:86:/PREF/987602019/TRCD/178/INIT//NAME/RABO FD/ISDT/2019-03-14
:61:210120C000000002516,09N216NONREF//BI909096168877-0
:86:/PREF/987602019/TRCD/178/INIT//NAME/RABO FD/ISDT/2019-03-14
:62F:C210120EUR000000226954,19
:64:C210120EUR000000226954,19
:65:C210120EUR000000226954,19
:65:C210120EUR000000226954,19
:65:C210120EUR000000226954,19
:65:C210120EUR000000226954,19
:20:940S190314
:25:NL21RABO0123456789 EUR
:28C:16501/1
:60F:C210121EUR000000226954,19
:61:210121C000000002523,86N216NONREF//BI909096168877-0
:86:/PREF/987602019/TRCD/178/INIT//NAME/RABO FD/ISDT/2019-03-14
:61:210121D000000002531,62N216NONREF//BI909096168877-0
:86:/PREF/987602019/TRCD/178/INIT//NAME/RABO FD/ISDT/2019-03-14
:61:210121C000000002539,39N216NONREF//BI909096168877-0
:86:/PREF/987602019/TRCD/178/INIT//NAME/RABO FD/ISDT/2019-03-14
:62F:C210121EUR000000229485,82
:64:C210121EUR000000229485,82
:65:C210121EUR000000229485,82
:65:C210121EUR000000229485,82
:65:C210121EUR000000229485,82
:65:C210121EUR000000229485,82
:20:940S190314
:25:NL21RABO0123456789 EUR
:28C:16601/1
:60F:C210122EUR000000229485,82
:61:210122C000000002547,16N216NONREF//BI909096168877-0
:86:/PREF/987602019/TRCD/178/INIT//NAME/RABO FD/ISDT/2019-03-14
:61:210122C000000002554,92N216NONREF//BI909096168877-0
:86:/PREF/987602019/TRCD/178/INIT//NAME/RABO FD/ISDT/2019-03-14
:62F:C210122EUR0000000234587,9
:64:C210122EUR0000000234587,9
:65:C210122EUR0000000234587,9
:65:C210122EUR0000000234587,9
:65:C210122EUR0000000234587,9
:65:C210122EUR0000000234587,9
:20:940S190314
:25:NL21RABO0123456789 EUR
:28C:16701/1
:60F:C210123EUR0000000234587,9
:61:210123D000000002562,69N216NONREF//BI909096168877-0
:86:/PREF/987602019/TRCD/178/INIT//NAME/RABO FD/ISDT/2019-03-14
:61:210123C000000002570,46N216NONREF//BI909096168877-0
:86:/PREF/987602019/TRCD/178/INIT//NAME/RABO FD/ISDT/2019-03-14
:62F:C210123EUR000000234595,67
:64:C210123EUR000000234595,67
:65:C210123EUR000000234595,67
:65:C210123EUR000000234595,67
:65:C210123EUR000000234595,67
:65:C210123EUR000000234595,67
:20:940S190314
:25:NL21RABO0123456789 EUR
:28C:16801/1
:60F:C210124EUR000000234595,67
:61:210124C000000002578,22N216NONREF//BI909096168877-0
:86:/PREF/987602019/TRCD/178/INIT//NAME/RABO FD/ISDT/2019-03-14
:61:210124C000000002585,99N216NONREF//BI909096168877-0
:86:/PREF/987602019/TRCD/178/INIT//NAME/RABO FD/ISDT/2019-03-14
:62F:C210124EUR000000239759,88
:64:C210124EUR000000239759,88
:65:C210124EUR000000239759,88
:65:C210124EUR000000239759,88
:65:C210124EUR000000239759,88
:65:C210124EUR000000239759,88
:20:940S190314
:25:NL21RABO0123456789 EUR
:28C:16901/1
:60F:C210125EUR000000239759,88
:61:210125D000000002593,76N216NONREF//BI909096168877-0
:86:/PREF/987602019/TRCD/178/INIT//NAME/RABO FD/ISDT/2019-03-14
:61:210125C000000002601,52N216NONREF//BI909096168877-0
:86:/PREF/987602019/TRCD/178/INIT//NAME/RABO FD/ISDT/2019-03-14
:61:210125C000000002609,29N216NONREF//BI909096168877-0
:86:/PREF/987602019/TRCD/178/INIT//NAME/RABO FD/ISDT/2019-03-14
:62F:C210125EUR000000242376,93
:64:C210125EUR000000242376,93
:65:C210125EUR000000242376,93
:65:C210125EUR000000242376,93
:65:C210125EUR000000242376,93
:65:C210125EUR000000242376,93
:20:940S190314
:25:NL21RABO0123456789 EUR
:28C:17001/1
:60F:C210125EUR000000242376,93
:61:210125C000000002617,06N216NONREF//BI909096168877-0
:86:/PREF/987602019/TRCD/178/INIT//NAME/RABO FD/ISDT/2019-03-14
:61:210125D000000002624,82N216NONREF//BI909096168877-0
:86:/PREF/987602019/TRCD/178/INIT//NAME/RABO FD/ISDT/2019-03-14
:62F:C210125EUR000000242369,17
:64:C210125EUR000000242369,17
:65:C210125EUR000000242369,17
:65:C210125EUR000000242369,17
:65:C210125EUR000000242369,17
:65:C210125EUR000000242369,17
:20:940S190314
:25:NL21RABO0123456789 EUR
:28C:17101/1
:60F:C210127EUR000000242369,17
:61:210127C000000002632,59N216NONREF//BI909096168877-0
:86:/PREF/987602019/TRCD/178/INIT//NAME/RABO FD/ISDT/2019-03-14
:61:210127C000000002640,36N216NONREF//BI909096168877-0
:86:/PREF/987602019/TRCD/178/INIT//NAME/RABO FD/ISDT/2019-03-14
:61:210127D000000002648,12N216NONREF//BI909096168877-0
:86:/PREF/987602019/TRCD/178/INIT//NAME/RABO FD/ISDT/2019-03-14
:62F:C210127EUR0000000244994,0
:64:C210127EUR0000000244994,0
:65:C210127EUR0000000244994,0
:65:C210127EUR0000000244994,0
:65:C210127EUR0000000244994,0
:65:C210127EUR0000000244994,0
:20:940S190314
:25:NL21RABO0123456789 EUR
:28C:17201/1
:60F:C210128EUR0000000244994,0
:61:210128C000000002655,89N216NONREF//BI909096168877-0
:86:/PREF/987602019/TRCD/178/INIT//NAME/RABO FD/ISDT/2019-03-14
:61:210128C000000002663,66N216NONREF//BI909096168877-0
:86:/PREF/987602019/TRCD/178/INIT//NAME/RABO FD/ISDT/2019-03-14
:62F:C210128EUR000000250313,55
:64:C210128EUR000000250313,55
:65:C210128EUR000000250313,55
:65:C210128EUR000000250313,55
:65:C210128EUR000000250313,55
:65:C210128EUR000000250313,55
:20:940S190314
:25:NL21RABO0123456789 EUR
:28C:17301/1
:60F:C210129EUR000000250313,55
:61:210129C000000002671,42N216NONREF//BI909096168877-0
:86:/PREF/987602019/TRCD/178/INIT//NAME/RABO FD/ISDT/2019-03-14
:61:210129D000000002679,19N216NONREF//BI909096168877-0
:86:/PREF/987602019/TRCD/178/INIT//NAME/RABO FD/ISDT/2019-03-14
:62F:C210129EUR000000250305,78
:64:C210129EUR000000250305,78
:65:C210129EUR000000250305,78
:65:C210129EUR000000250305,78
:65:C210129EUR000000250305,78
:65:C210129EUR000000250305,78
:20:940S190314
:25:NL21RABO0123456789 EUR
:28C:17401/1
:60F:C210130EUR000000250305,78
:61:210130C000000002686,96N216NONREF//BI909096168877-0
:86:/PREF/987602019/TRCD/178/INIT//NAME/RABO FD/ISDT/2019-03-14
:61:210130C000000002694,72N216NONREF//BI909096168877-0
:86:/PREF/987602019/TRCD/178/INIT//NAME/RABO FD/ISDT/2019-03-14
:62F:C210130EUR000000255687,46
:64:C210130EUR000000255687,46
:65:C210130EUR000000255687,46
:65:C210130EUR000000255687,46
:65:C210130EUR000000255687,46
:65:C210130EUR000000255687,46
:20:940S190314
:25:NL21RABO0123456789 EUR
:28C:17501/1
:60F:C210131EUR000000255687,46
:61:210131C000000002702,49N216NONREF//BI909096168877-0
:86:/PREF/987602019/TRCD/178/INIT//NAME/RABO FD/ISDT/2019-03-14
:61:210131D000000002710,26N216NONREF//BI909096168877-0
:86:/PREF/987602019/TRCD/178/INIT//NAME/RABO FD/ISDT/2019-03-14
:61:210131C000000002718,02N216NONREF//BI909096168877-0
:86:/PREF/987602019/TRCD/178/INIT//NAME/RABO FD/ISDT/2019-03-14
:62F:C210131EUR000000258397,71
:64:C210131EUR000000258397,71
:65:C210131EUR000000258397,71
:65:C210131EUR000000258397,71
:65:C210131EUR000000258397,71
:65:C210131EUR000000258397,71
:20:940S190314
:25:NL21RABO0123456789 EUR
:28C:17601/1
:60F:C210201EUR000000258397,71
:61:210201C000000002725,79N216NONREF//BI909096168877-0
:86:/PREF/987602019/TRCD/178/INIT//NAME/RABO FD/ISDT/2019-03-14
:61:210201C000000002733,56N216NONREF//BI909096168877-0
:86:/PREF/987602019/TRCD/178/INIT//NAME/RABO FD/ISDT/2019-03-14
:62F:C210201EUR000000263857,06
:64:C210201EUR000000263857,06
:65:C210201EUR000000263857,06
:65:C210201EUR000000263857,06
:65:C210201EUR000000263857,06
:65:C210201EUR000000263857,06
:20:940S190314
:25:NL21RABO0123456789 EUR
:28C:17701/1
:60F:C210202EUR000000263857,06
:61:210202D000000002741,32N216NONREF//BI909096168877-0
:86:/PREF/987602019/TRCD/178/INIT//NAME/RABO FD/ISDT/2019-03-14
:61:210202C000000002749,09N216NONREF//BI909096168877-0
:86:/PREF/987602019/TRCD/178/INIT//NAME/RABO FD/ISDT/2019-03-14
:62F:C210202EUR000000263864,83
:64:C210202EUR000000263864,83
:65:C210202EUR000000263864,83
:65:C210202EUR000000263864,83
:65:C210202EUR000000263864,83
:65:C210202EUR000000263864,83
:20:940S190314
:25:NL21RABO0123456789 EUR
:28C:17801/1
:60F:C210203EUR000000263864,83
:61:210203C000000002756,86N216NONREF//BI909096168877-0
:86:/PREF/987602019/TRCD/178/INIT//NAME/RABO FD/ISDT/2019-03-14
:61:210203D000000002764,62N216NONREF//BI909096168877-0
:86:/PREF/987602019/TRCD/178/INIT//NAME/RABO FD/ISDT/2019-03-14
:62F:C210203EUR000000263857,07
:64:C210203EUR000000263857,07
:65:C210203EUR000000263857,07
:65:C210203EUR000000263857,07
:65:C210203EUR000000263857,07
:65:C210203EUR000000263857,07
:20:940S190314
:25:NL21RABO0123456789 EUR
:28C:17901/1
:60F:C210204EUR000000263857,07
:61:210204C000000002772,39N216NONREF//BI909096168877-0
:86:/PREF/987602019/TRCD/178/INIT//NAME/RABO FD/ISDT/2019-03-14
:61:210204C000000002780,16N216NONREF//BI909096168877-0
:86:/PREF/987602019/TRCD/178/INIT//NAME/RABO FD/ISDT/2019-03-14
:62F:C210204EUR000000269409,62
:64:C210204EUR000000269409,62
:65:C210204EUR000000269409,62
:65:C210204EUR000000269409,62
:65:C210204EUR000000269409,62
:65:C210204EUR000000269409,62
:20:940S190314
:25:NL21RABO0123456789 EUR
:28C:18001/1
:60F:C210204EUR000000269409,62
:61:210204C000000002787,92N216NONREF//BI909096168877-0
:86:/PREF/987602019/TRCD/178/INIT//NAME/RABO FD/ISDT/2019-03-14
:61:210204D000000002795,69N216NONREF//BI909096168877-0
:86:/PREF/987602019/TRCD/178/INIT//NAME/RABO FD/ISDT/2019-03-14
:61:210204C000000002803,46N216NONREF//BI909096168877-0
:86:/PREF/987602019/TRCD/178/INIT//NAME/RABO FD/ISDT/2019-03-14
:62F:C210204EUR000000272205,31
:64:C210204EUR000000272205,31
:65:C210204EUR000000272205,31
:65:C210204EUR000000272205,31
:65:C210204EUR000000272205,31
:65:C210204EUR000000272205,31
:20:940S190314
:25:NL21RABO0123456789 EUR
:28C:18101/1
:60F:C210206EUR000000272205,31
:61:210206C000000002811,22N216NONREF//BI909096168877-0
:86:/PREF/987602019/TRCD/178/INIT//NAME/RABO FD/ISDT/2019-03-14
:61:210206C000000002818,99N216NONREF//BI909096168877-0
:86:/PREF/987602019/TRCD/178/INIT//NAME/RABO FD/ISDT/2019-03-14
:62F:C210206EUR000000277835,52
:64:C210206EUR000000277835,52
:65:C210206EUR000000277835,52
:65:C210206EUR000000277835,52
:65:C210206EUR000000277835,52
:65:C210206EUR000000277835,52
:20:940S190314
:25:NL21RABO0123456789 EUR
:28C:18201/1
:60F:C210207EUR000000277835,52
:61:210207D000000002826,76N216NONREF//BI909096168877-0
:86:/PREF/987602019/TRCD/178/INIT//NAME/RABO FD/ISDT/2019-03-14
:61:210207C000000002834,52N216NONREF//BI909096168877-0
:86:/PREF/987602019/TRCD/178/INIT//NAME/RABO FD/ISDT/2019-03-14
:62F:C210207EUR000000277843,28
:64:C210207EUR000000277843,28
:65:C210207EUR000000277843,28
:65:C210207EUR000000277843,28
:65:C210207EUR000000277843,28
:65:C210207EUR000000277843,28
:20:940S190314
:25:NL21RABO0123456789 EUR
:28C:18301/1
:60F:C210208EUR000000277843,28
:61:210208C000000002842,29N216NONREF//BI909096168877-0
:86:/PREF/987602019/TRCD/178/INIT//NAME/RABO FD/ISDT/2019-03-14
:61:210208C000000002850,06N216NONREF//BI909096168877-0
:86:/PREF/987602019/TRCD/178/INIT//NAME/RABO FD/ISDT/2019-03-14
:62F:C210208EUR000000283535,63
:64:C210208EUR000000283535,63
:65:C210208EUR000000283535,63
:65:C210208EUR000000283535,63
:65:C210208EUR000000283535,63
:65:C210208EUR000000283535,63
:20:940S190314
:25:NL21RABO0123456789 EUR
:28C:18401/1
:60F:C210209EUR000000283535,63
:61:210209D000000002857,82N216NONREF//BI909096168877-0
:86:/PREF/987602019/TRCD/178/INIT//NAME/RABO FD/ISDT/2019-03-14
:61:210209C000000002865,59N216NONREF//BI909096168877-0
:86:/PREF/987602019/TRCD/178/INIT//NAME/RABO FD/ISDT/2019-03-14
:61:210209C000000002873,36N216NONREF//BI909096168877-0
:86:/PREF/987602019/TRCD/178/INIT//NAME/RABO FD/ISDT/2019-03-14
:62F:C210209EUR000000286416,76
:64:C210209EUR000000286416,76
:65:C210209EUR000000286416,76
:65:C210209EUR000000286416,76
:65:C210209EUR000000286416,76
:65:C210209EUR000000286416,76
:20:940S190314
:25:NL21RABO0123456789 EUR
:28C:18501/1
:60F:C210210EUR000000286416,76
:61:210210D000000002881,12N216NONREF//BI909096168877-0
:86:/PREF/987602019/TRCD/178/INIT//NAME/RABO FD/ISDT/2019-03-14
:61:210210C000000002888,89N216NONREF//BI909096168877-0
:86:/PREF/987602019/TRCD/178/INIT//NAME/RABO FD/ISDT/2019-03-14
:62F:C210210EUR000000286424,53
:64:C210210EUR000000286424,53
:65:C210210EUR000000286424,53
:65:C210210EUR000000286424,53
:65:C210210EUR000000286424,53
:65:C210210EUR000000286424,53
:20:940S190314
:25:NL21RABO0123456789 EUR
:28C:18601/1
:60F:C210211EUR000000286424,53
:61:210211C000000002896,66N216NONREF//BI909096168877-0
:86:/PREF/987602019/TRCD/178/INIT//NAME/RABO FD/ISDT/2019-03-14
:61:210211C000000002904,42N216NONREF//BI909096168877-0
:86:/PREF/987602019/TRCD/178/INIT//NAME/RABO FD/ISDT/2019-03-14
:62F:C210211EUR000000292225,61
:64:C210211EUR000000292225,61
:65:C210211EUR000000292225,61
:65:C210211EUR000000292225,61
:65:C210211EUR000000292225,61
:65:C210211EUR000000292225,61
:20:940S190314
:25:NL21RABO0123456789 EUR
:28C:18701/1
:60F:C210211EUR000000292225,61
:61:210211D000000002912,19N216NONREF//BI909096168877-0
:86:/PREF/987602019/TRCD/178/INIT//NAME/RABO FD/ISDT/2019-03-14
:61:210211C000000002919,96N216NONREF//BI909096168877-0
:86:/PREF/987602019/TRCD/178/INIT//NAME/RABO FD/ISDT/2019-03-14
:62F:C210211EUR000000292233,38
:64:C210211EUR000000292233,38
:65:C210211EUR000000292233,38
:65:C210211EUR000000292233,38
:65:C210211EUR000000292233,38
:65:C210211EUR000000292233,38
:20:940S190314
:25:NL21RABO0123456789 EUR
:28C:18801/1
:60F:C210211EUR000000292233,38
:61:210211C000000002927,72N216NONREF//BI909096168877-0
:86:/PREF/987602019/TRCD/178/INIT//NAME/RABO FD/ISDT/2019-03-14
:61:210211C000000002935,49N216NONREF//BI909096168877-0
:86:/PREF/987602019/TRCD/178/INIT//NAME/RABO FD/ISDT/2019-03-14
:62F:C210211EUR000000298096,59
:64:C210211EUR000000298096,59
:65:C210211EUR000000298096,59
:65:C210211EUR000000298096,59
:65:C210211EUR000000298096,59
:65:C210211EUR000000298096,59
:20:940S190314
:25:NL21RABO0123456789 EUR
:28C:18901/1
:60F:C210211EUR000000298096,59
:61:210211D000000002943,26N216NONREF//BI909096168877-0
:86:/PREF/987602019/TRCD/178/INIT//NAME/RABO FD/ISDT/2019-03-14
:61:210211C000000002951,02N216NONREF//BI909096168877-0
:86:/PREF/987602019/TRCD/178/INIT//NAME/RABO FD/ISDT/2019-03-14
:61:210211C000000002958,79N216NONREF//BI909096168877-0
:86:/PREF/987602019/TRCD/178/INIT//NAME/RABO FD/ISDT/2019-03-14
:61:210211C000000002966,56N216NONREF//BI909096168877-0
:86:/PREF/987602019/TRCD/178/INIT//NAME/RABO FD/ISDT/2019-03-14
:61:210211D000000002974,32N216NONREF//BI909096168877-0
:86:/PREF/987602019/TRCD/178/INIT//NAME/RABO FD/ISDT/2019-03-14
:62F:C210211EUR000000301055,38
:64:C210211EUR000000301055,38
:65:C210211EUR000000301055,38
:65:C210211EUR000000301055,38
:65:C210211EUR000000301055,38
:65:C210211EUR000000301055,38
:20:940S190314
:25:NL21RABO0123456789 EUR
:28C:19001/1
:60F:C210215EUR000000301055,38
:61:210215C000000002982,09N216NONREF//BI909096168877-0
:86:/PREF/987602019/TRCD/178/INIT//NAME/RABO FD/ISDT/2019-03-14
:61:210215C000000002989,86N216NONREF//BI909096168877-0
:86:/PREF/987602019/TRCD/178/INIT//NAME/RABO FD/ISDT/2019-03-14
:62F:C210215EUR000000307027,33
:64:C210215EUR000000307027,33
:65:C210215EUR000000307027,33
:65:C210215EUR000000307027,33
:65:C210215EUR000000307027,33
:65:C210215EUR000000307027,33
:20:940S190314
:25:NL21RABO0123456789 EUR
:28C:19101/1
:60F:C210216EUR000000307027,33
:61:210216D000000002997,62N216NONREF//BI909096168877-0
:86:/PREF/987602019/TRCD/178/INIT//NAME/RABO FD/ISDT/2019-03-14
:61:210216C000000003005,39N216NONREF//BI909096168877-0
:86:/PREF/987602019/TRCD/178/INIT//NAME/RABO FD/ISDT/2019-03-14
:62F:C210216EUR0000000307035,1
:64:C210216EUR0000000307035,1
:65:C210216EUR0000000307035,1
:65:C210216EUR0000000307035,1
:65:C210216EUR0000000307035,1
:65:C210216EUR0000000307035,1
:20:940S190314
:25:NL21RABO0123456789 EUR
:28C:19201/1
:60F:C210217EUR0000000307035,1
:61:210217C000000003013,16N216NONREF//BI909096168877-0
:86:/PREF/987602019/TRCD/178/INIT//NAME/RABO FD/ISDT/2019-03-14
:61:210217C000000003020,92N216NONREF//BI909096168877-0
:86:/PREF/987602019/TRCD/178/INIT//NAME/RABO FD/ISDT/2019-03-14
:62F:C210217EUR000000313069,18
:64:C210217EUR000000313069,18
:65:C210217EUR000000313069,18
:65:C210217EUR000000313069,18
:65:C210217EUR000000313069,18
:65:C210217EUR000000313069,18
:20:940S190314
:25:NL21RABO0123456789 EUR
:28C:19301/1
:60F:C210218EUR000000313069,18
:61:210218D000000003028,69N216NONREF//BI909096168877-0
:86:/PREF/987602019/TRCD/178/INIT//NAME/RABO FD/ISDT/2019-03-14
:61:210218C000000003036,46N216NONREF//BI909096168877-0
:86:/PREF/987602019/TRCD/178/INIT//NAME/RABO FD/ISDT/2019-03-14
:61:210218C000000003044,22N216NONREF//BI909096168877-0
:86:/PREF/987602019/TRCD/178/INIT//NAME/RABO FD/ISDT/2019-03-14
:62F:C210218EUR000000316121,17
:64:C210218EUR000000316121,17
:65:C210218EUR000000316121,17
:65:C210218EUR000000316121,17
:65:C210218EUR000000316121,17
:65:C210218EUR000000316121,17
:20:940S190314
:25:NL21RABO0123456789 EUR
:28C:19401/1
:60F:C210219EUR000000316121,17
:61:210219C000000003051,99N216NONREF//BI909096168877-0
:86:/PREF/987602019/TRCD/178/INIT//NAME/RABO FD/ISDT/2019-03-14
:61:210219D000000003059,76N216NONREF//BI909096168877-0
:86:/PREF/987602019/TRCD/178/INIT//NAME/RABO FD/ISDT/2019-03-14
:62F:C210219EUR0000000316113,4
:64:C210219EUR0000000316113,4
:65:C210219EUR0000000316113,4
:65:C210219EUR0000000316113,4
:65:C210219EUR0000000316113,4
:65:C210219EUR0000000316113,4
:20:940S190314
:25:NL21RABO0123456789 EUR
:28C:19501/1
:60F:C210220EUR0000000316113,4
:61:210220C000000003067,52N216NONREF//BI909096168877-0
:86:/PREF/987602019/TRCD/178/INIT//NAME/RABO FD/ISDT/2019-03-14
:61:210220C000000003075,29N216NONREF//BI909096168877-0
:86:/PREF/987602019/TRCD/178/INIT//NAME/RABO FD/ISDT/2019-03-14
:62F:C210220EUR000000322256,21
:64:C210220EUR000000322256,21
:65:C210220EUR000000322256,21
:65:C210220EUR000000322256,21
:65:C210220EUR000000322256,21
:65:C210220EUR000000322256,21
:20:940S190314
:25:NL21RABO0123456789 EUR
:28C:19601/1
:60F:C210221EUR000000322256,21
:61:210221C000000003083,06N216NONREF//BI909096168877-0
:86:/PREF/987602019/TRCD/178/INIT//NAME/RABO FD/ISDT/2019-03-14
:61:210221D000000003090,82N216NONREF//BI909096168877-0
:86:/PREF/987602019/TRCD/178/INIT//NAME/RABO FD/ISDT/2019-03-14
:62F:C210221EUR000000322248,45
:64:C210221EUR000000322248,45
:65:C210221EUR000000322248,45
:65:C210221EUR000000322248,45
:65:C210221EUR000000322248,45
:65:C210221EUR000000322248,45
:20:940S190314
:25:NL21RABO0123456789 EUR
:28C:19701/1
:60F:C210222EUR000000322248,45
:61:210222C000000003098,59N216NONREF//BI909096168877-0
:86:/PREF/987602019/TRCD/178/INIT//NAME/RABO FD/ISDT/2019-03-14
:61:210222C000000003106,36N216NONREF//BI909096168877-0
:86:/PREF/987602019/TRCD/178/INIT//NAME/RABO FD/ISDT/2019-03-14
:62F:C210222EUR0000000328453,4
:64:C210222EUR0000000328453,4
:65:C210222EUR0000000328453,4
:65:C210222EUR0000000328453,4
:65:C210222EUR0000000328453,4
:65:C210222EUR0000000328453,4
:20:940S190314
:25:NL21RABO0123456789 EUR
:28C:19801/1
:60F:C210223EUR0000000328453,4
:61:210223D000000003114,12N216NONREF//BI909096168877-0
:86:/PREF/987602019/TRCD/178/INIT//NAME/RABO FD/ISDT/2019-03-14
:61:210223C000000003121,89N216NONREF//BI909096168877-0
:86:/PREF/987602019/TRCD/178/INIT//NAME/RABO FD/ISDT/2019-03-14
:61:210223C000000003129,66N216NONREF//BI909096168877-0
:86:/PREF/987602019/TRCD/178/INIT//NAME/RABO FD/ISDT/2019-03-14
:62F:C210223EUR000000331590,83
:64:C210223EUR000000331590,83
:65:C210223EUR000000331590,83
:65:C210223EUR000000331590,83
:65:C210223EUR000000331590,83
:65:C210223EUR000000331590,83
:20:940S190314
:25:NL21RABO0123456789 EUR
:28C:19901/1
:60F:C210224EUR000000331590,83
:61:210224C000000003137,42N216NONREF//BI909096168877-0
:86:/PREF/987602019/TRCD/178/INIT//NAME/RABO FD/ISDT/2019-03-14
:61:210224D000000003145,19N216NONREF//BI909096168877-0
:86:/PREF/987602019/TRCD/178/INIT//NAME/RABO FD/ISDT/2019-03-14
:62F:C210224EUR000000331583,06
:64:C210224EUR000000331583,06
:65:C210224EUR000000331583,06
:65:C210224EUR000000331583,06
:65:C210224EUR000000331583,06
:65:C210224EUR000000331583,06
:20:940S190314
:25:NL21RABO0123456789 EUR
:28C:20001/1
:60F:C210225EUR000000331583,06
:61:210225C000000003152,96N216NONREF//BI909096168877-0
:86:/PREF/987602019/TRCD/178/INIT//NAME/RABO FD/ISDT/2019-03-14
:61:210225C000000003160,72N216NONREF//BI909096168877-0
:86:/PREF/987602019/TRCD/178/INIT//NAME/RABO FD/ISDT/2019-03-14
:62F:C210225EUR000000337896,74
:64:C210225EUR000000337896,74
:65:C210225EUR000000337896,74
:65:C210225EUR000000337896,74
:65:C210225EUR000000337896,74
:65:C210225EUR000000337896,74
:20:940S190314
:25:NL21RABO0123456789 EUR
:28C:20101/1
:60F:C210226EUR000000337896,74
:61:210226C000000003168,49N216NONREF//BI909096168877-0
:86:/PREF/987602019/TRCD/178/INIT//NAME/RABO FD/ISDT/2019-03-14
:61:210226D000000003176,26N216NONREF//BI909096168877-0
:86:/PREF/987602019/TRCD/178/INIT//NAME/RABO FD/ISDT/2019-03-14
:62F:C210226EUR000000337888,97
:64:C210226EUR000000337888,97
:65:C210226EUR000000337888,97
:65:C210226EUR000000337888,97
:65:C210226EUR000000337888,97
:65:C210226EUR000000337888,97
:20:940S190314
:25:NL21RABO0123456789 EUR
:28C:20201/1
:60F:C210227EUR000000337888,97
:61:210227C000000003184,02N216NONREF//BI909096168877-0
:86:/PREF/987602019/TRCD/178/INIT//NAME/RABO FD/ISDT/2019-03-14
:61:210227C000000003191,79N216NONREF//BI909096168877-0
:86:/PREF/987602019/TRCD/178/INIT//NAME/RABO FD/ISDT/2019-03-14
:61:210227C000000003199,56N216NONREF//BI909096168877-0
:86:/PREF/987602019/TRCD/178/INIT//NAME/RABO FD/ISDT/2019-03-14
:62F:C210227EUR000000347464,34
:64:C210227EUR000000347464,34
:65:C210227EUR000000347464,34
:65:C210227EUR000000347464,34
:65:C210227EUR000000347464,34
:65:C210227EUR000000347464,34
:20:940S190314
:25:NL21RABO0123456789 EUR
:28C:20301/1
:60F:C210228EUR000000347464,34
:61:210228D000000003207,32N216NONREF//BI909096168877-0
:86:/PREF/987602019/TRCD/178/INIT//NAME/RABO FD/ISDT/2019-03-14
:61:210228C000000003215,09N216NONREF//BI909096168877-0
:86:/PREF/987602019/TRCD/178/INIT//NAME/RABO FD/ISDT/2019-03-14
:62F:C210228EUR000000347472,11
:64:C210228EUR000000347472,11
:65:C210228EUR000000347472,11
:65:C210228EUR000000347472,11
:65:C210228EUR000000347472,11
:65:C210228EUR000000347472,11
:20:940S190314
:25:NL21RABO0123456789 EUR
:28C:20401/1
:60F:C210301EUR000000347472,11
:61:210301C000000003222,86N216NONREF//BI909096168877-0
:86:/PREF/987602019/TRCD/178/INIT//NAME/RABO FD/ISDT/2019-03-14
:61:210301D000000003230,62N216NONREF//BI909096168877-0
:86:/PREF/987602019/TRCD/178/INIT//NAME/RABO FD/ISDT/2019-03-14
:62F:C210301EUR000000347464,35
:64:C210301EUR000000347464,35
:65:C210301EUR000000347464,35
:65:C210301EUR000000347464,35
:65:C210301EUR000000347464,35
:65:C210301EUR000000347464,35
:20:940S190314
:25:NL21RABO0123456789 EUR
:28C:20501/1
:60F:C210302EUR000000347464,35
:61:210302C000000003238,39N216NONREF//BI909096168877-0
:86:/PREF/987602019/TRCD/178/INIT//NAME/RABO FD/ISDT/2019-03-14
:61:210302C000000003246,16N216NONREF//BI909096168877-0
:86:/PREF/987602019/TRCD/178/INIT//NAME/RABO FD/ISDT/2019-03-14
:62F:C210302EUR0000000353948,9
:64:C210302EUR0000000353948,9
:65:C210302EUR0000000353948,9
:65:C210302EUR0000000353948,9
:65:C210302EUR0000000353948,9
:65:C210302EUR0000000353948,9
:20:940S190314
:25:NL21RABO0123456789 EUR
:28C:20601/1
:60F:C210303EUR0000000353948,9
:61:210303C000000003253,92N216NONREF//BI909096168877-0
:86:/PREF/987602019/TRCD/178/INIT//NAME/RABO FD/ISDT/2019-03-14
:61:210303D000000003261,69N216NONREF//BI909096168877-0
:86:/PREF/987602019/TRCD/178/INIT//NAME/RABO FD/ISDT/2019-03-14
:62F:C210303EUR000000353941,13
:64:C210303EUR000000353941,13
:65:C210303EUR000000353941,13
:65:C210303EUR000000353941,13
:65:C210303EUR000000353941,13
:65:C210303EUR000000353941,13
:20:940S190314
:25:NL21RABO0123456789 EUR
:28C:20701/1
:60F:C210304EUR000000353941,13
:61:210304C000000003269,46N216NONREF//BI909096168877-0
:86:/PREF/987602019/TRCD/178/INIT//NAME/RABO FD/ISDT/2019-03-14
:61:210304C000000003277,22N216NONREF//BI909096168877-0
:86:/PREF/987602019/TRCD/178/INIT//NAME/RABO FD/ISDT/2019-03-14
:61:210304C000000003284,99N216NONREF//BI909096168877-0
:86:/PREF/987602019/TRCD/178/INIT//NAME/RABO FD/ISDT/2019-03-14
:61:210304D000000003292,76N216NONREF//BI909096168877-0
:86:/PREF/987602019/TRCD/178/INIT//NAME/RABO FD/ISDT/2019-03-14
:61:210304C000000003300,52N216NONREF//BI909096168877-0
:86:/PREF/987602019/TRCD/178/INIT//NAME/RABO FD/ISDT/2019-03-14
:62F:C210304EUR000000363780,56
:64:C210304EUR000000363780,56
:65:C210304EUR000000363780,56
:65:C210304EUR000000363780,56
:65:C210304EUR000000363780,56
:65:C210304EUR000000363780,56
:20:940S190314
:25:NL21RABO0123456789 EUR
:28C:20801/1
:60F:C210305EUR000000363780,56
:61:210305C000000003308,29N216NONREF//BI909096168877-0
:86:/PREF/987602019/TRCD/178/INIT//NAME/RABO FD/ISDT/2019-03-14
:61:210305C000000003316,06N216NONREF//BI909096168877-0
:86:/PREF/987602019/TRCD/178/INIT//NAME/RABO FD/ISDT/2019-03-14
:62F:C210305EUR000000370404,91
:64:C210305EUR000000370404,91
:65:C210305EUR000000370404,91
:65:C210305EUR000000370404,91
:65:C210305EUR000000370404,91
:65:C210305EUR000000370404,91
:20:940S190314
:25:NL21RABO0123456789 EUR
:28C:20901/1
:60F:C210306EUR000000370404,91
:61:210306D000000003323,82N216NONREF//BI909096168877-0
:86:/PREF/987602019/TRCD/178/INIT//NAME/RABO FD/ISDT/2019-03-14
:61:210306C000000003331,59N216NONREF//BI909096168877-0
:86:/PREF/987602019/TRCD/178/INIT//NAME/RABO FD/ISDT/2019-03-14
:62F:C210306EUR000000370412,68
:64:C210306EUR000000370412,68
:65:C210306EUR000000370412,68
:65:C210306EUR000000370412,68
:65:C210306EUR000000370412,68
:65:C210306EUR000000370412,68
:20:940S190314
:25:NL21RABO0123456789 EUR
:28C:21001/1
:60F:C210306EUR000000370412,68
:61:210306C000000003339,36N216NONREF//BI909096168877-0
:86:/PREF/987602019/TRCD/178/INIT//NAME/RABO FD/ISDT/2019-03-14
:61:210306D000000003347,12N216NONREF//BI909096168877-0
:86:/PREF/987602019/TRCD/178/INIT//NAME/RABO FD/ISDT/2019-03-14
:62F:C210306EUR000000370404,92
:64:C210306EUR000000370404,92
:65:C210306EUR000000370404,92
:65:C210306EUR000000370404,92
:65:C210306EUR000000370404,92
:65:C210306EUR000000370404,92
:20:940S190314
:25:NL21RABO0123456789 EUR
:28C:21101/1
:60F:C210308EUR000000370404,92
:61:210308C000000003354,89N216NONREF//BI909096168877-0
:86:/PREF/987602019/TRCD/178/INIT//NAME/RABO FD/ISDT/2019-03-14
:61:210308C000000003362,66N216NONREF//BI909096168877-0
:86:/PREF/987602019/TRCD/178/INIT//NAME/RABO FD/ISDT/2019-03-14
:61:210308C000000003370,42N216NONREF//BI909096168877-0
:86:/PREF/987602019/TRCD/178/INIT//NAME/RABO FD/ISDT/2019-03-14
:62F:C210308EUR000000380492,89
:64:C210308EUR000000380492,89
:65:C210308EUR000000380492,89
:65:C210308EUR000000380492,89
:65:C210308EUR000000380492,89
:65:C210308EUR000000380492,89
:20:940S190314
:25:NL21RABO0123456789 EUR
:28C:21201/1
:60F:C210309EUR000000380492,89
:61:210309D000000003378,19N216NONREF//BI909096168877-0
:86:/PREF/987602019/TRCD/178/INIT//NAME/RABO FD/ISDT/2019-03-14
:61:210309C000000003385,96N216NONREF//BI909096168877-0
:86:/PREF/987602019/TRCD/178/INIT//NAME/RABO FD/ISDT/2019-03-14
:62F:C210309EUR000000380500,66
:64:C210309EUR000000380500,66
:65:C210309EUR000000380500,66
:65:C210309EUR000000380500,66
:65:C210309EUR000000380500,66
:65:C210309EUR000000380500,66
:20:940S190314
:25:NL21RABO0123456789 EUR
:28C:21301/1
:60F:C210310EUR000000380500,66
:61:210310C000000003393,72N216NONREF//BI909096168877-0
:86:/PREF/987602019/TRCD/178/INIT//NAME/RABO FD/ISDT/2019-03-14
:61:210310C000000003401,49N216NONREF//BI909096168877-0
:86:/PREF/987602019/TRCD/178/INIT//NAME/RABO FD/ISDT/2019-03-14
:62F:C210310EUR000000387295,87
:64:C210310EUR000000387295,87
:65:C210310EUR000000387295,87
:65:C210310EUR000000387295,87
:65:C210310EUR000000387295,87
:65:C210310EUR000000387295,87
:20:940S190314
:25:NL21RABO0123456789 EUR
:28C:21401/1
:60F:C210311EUR000000387295,87
:61:210311D000000003409,26N216NONREF//BI909096168877-0
:86:/PREF/987602019/TRCD/178/INIT//NAME/RABO FD/ISDT/2019-03-14
:61:210311C000000003417,02N216NONREF//BI909096168877-0
:86:/PREF/987602019/TRCD/178/INIT//NAME/RABO FD/ISDT/2019-03-14
:62F:C210311EUR000000387303,63
:64:C210311EUR000000387303,63
:65:C210311EUR000000387303,63
:65:C210311EUR000000387303,63
:65:C210311EUR000000387303,63
:65:C210311EUR000000387303,63
:20:940S190314
:25:NL21RABO0123456789 EUR
:28C:21501/1
:60F:C210312EUR000000387303,63
:61:210312C000000003424,79N216NONREF//BI909096168877-0
:86:/PREF/987602019/TRCD/178/INIT//NAME/RABO FD/ISDT/2019-03-14
:61:210312C000000003432,56N216NONREF//BI909096168877-0
:86:/PREF/987602019/TRCD/178/INIT//NAME/RABO FD/ISDT/2019-03-14
:62F:C210312EUR000000394160,98
:64:C210312EUR000000394160,98
:65:C210312EUR000000394160,98
:65:C210312EUR000000394160,98
:65:C210312EUR000000394160,98
:65:C210312EUR000000394160,98
:20:940S190314
:25:NL21RABO0123456789 EUR
:28C:21601/1
:60F:C210312EUR000000394160,98
:61:210312D000000003440,32N216NONREF//BI909096168877-0
:86:/PREF/987602019/TRCD/178/INIT//NAME/RABO FD/ISDT/2019-03-14
:61:210312C000000003448,09N216NONREF//BI909096168877-0
:86:/PREF/987602019/TRCD/178/INIT//NAME/RABO FD/ISDT/2019-03-14
:61:210312C000000003455,86N216NONREF//BI909096168877-0
:86:/PREF/987602019/TRCD/178/INIT//NAME/RABO FD/ISDT/2019-03-14
:62F:C210312EUR000000397624,61
:64:C210312EUR000000397624,61
:65:C210312EUR000000397624,61
:65:C210312EUR000000397624,61
:65:C210312EUR000000397624,61
:65:C210312EUR000000397624,61
:20:940S190314
:25:NL21RABO0123456789 EUR
:28C:21701/1
:60F:C210312EUR000000397624,61
:61:210312D000000003463,62N216NONREF//BI909096168877-0
:86:/PREF/987602019/TRCD/178/INIT//NAME/RABO FD/ISDT/2019-03-14
:61:210312C000000003471,39N216NONREF//BI909096168877-0
:86:/PREF/987602019/TRCD/178/INIT//NAME/RABO FD/ISDT/2019-03-14
:61:210312C000000003479,16N216NONREF//BI909096168877-0
:86:/PREF/987602019/TRCD/178/INIT//NAME/RABO FD/ISDT/2019-03-14
:62F:C210312EUR000000401111,54
:64:C210312EUR000000401111,54
:65:C210312EUR000000401111,54
:65:C210312EUR000000401111,54
:65:C210312EUR000000401111,54
:65:C210312EUR000000401111,54
:20:940S190314
:25:NL21RABO0123456789 EUR
:28C:21801/1
:60F:C210312EUR000000401111,54
:61:210312C000000003486,92N216NONREF//BI909096168877-0
:86:/PREF/987602019/TRCD/178/INIT//NAME/RABO FD/ISDT/2019-03-14
:61:210312D000000003494,69N216NONREF//BI909096168877-0
:86:/PREF/987602019/TRCD/178/INIT//NAME/RABO FD/ISDT/2019-03-14
:62F:C210312EUR000000401103,77
:64:C210312EUR000000401103,77
:65:C210312EUR000000401103,77
:65:C210312EUR000000401103,77
:65:C210312EUR000000401103,77
:65:C210312EUR000000401103,77
:20:940S190314
:25:NL21RABO0123456789 EUR
:28C:21901/1
:60F:C210316EUR000000401103,77
:61:210316C000000003502,46N216NONREF//BI909096168877-0
:86:/PREF/987602019/TRCD/178/INIT//NAME/RABO FD/ISDT/2019-03-14
:61:210316C000000003510,22N216NONREF//BI909096168877-0
:86:/PREF/987602019/TRCD/178/INIT//NAME/RABO FD/ISDT/2019-03-14
:62F:C210316EUR000000408116,45
:64:C210316EUR000000408116,45
:65:C210316EUR000000408116,45
:65:C210316EUR000000408116,45
:65:C210316EUR000000408116,45
:65:C210316EUR000000408116,45
:20:940S190314
:25:NL21RABO0123456789 EUR
:28C:22001/1
:60F:C210317EUR000000408116,45
:61:210317C000000003517,99N216NONREF//BI909096168877-0
:86:/PREF/987602019/TRCD/178/INIT//NAME/RABO FD/ISDT/2019-03-14
:61:210317D000000003525,76N216NONREF//BI909096168877-0
:86:/PREF/987602019/TRCD/178/INIT//NAME/RABO FD/ISDT/2019-03-14
:62F:C210317EUR000000408108,68
:64:C210317EUR000000408108,68
:65:C210317EUR000000408108,68
:65:C210317EUR000000408108,68
:65:C210317EUR000000408108,68
:65:C210317EUR000000408108,68
:20:940S190314
:25:NL21RABO0123456789 EUR
:28C:22101/1
:60F:C210318EUR000000408108,68
:61:210318C000000003533,52N216NONREF//BI909096168877-0
:86:/PREF/987602019/TRCD/178/INIT//NAME/RABO FD/ISDT/2019-03-14
:61:210318C000000003541,29N216NONREF//BI909096168877-0
:86:/PREF/987602019/TRCD/178/INIT//NAME/RABO FD/ISDT/2019-03-14
:61:210318C000000003549,06N216NONREF//BI909096168877-0
:86:/PREF/987602019/TRCD/178/INIT//NAME/RABO FD/ISDT/2019-03-14
:62F:C210318EUR000000418732,55
:64:C210318EUR000000418732,55
:65:C210318EUR000000418732,55
:65:C210318EUR000000418732,55
:65:C210318EUR000000418732,55
:65:C210318EUR000000418732,55
:20:940S190314
:25:NL21RABO0123456789 EUR
:28C:22201/1
:60F:C210319EUR000000418732,55
:61:210319D000000003556,82N216NONREF//BI909096168877-0
:86:/PREF/987602019/TRCD/178/INIT//NAME/RABO FD/ISDT/2019-03-14
:61:210319C000000003564,59N216NONREF//BI909096168877-0
:86:/PREF/987602019/TRCD/178/INIT//NAME/RABO FD/ISDT/2019-03-14
:61:210319C000000003572,36N216NONREF//BI909096168877-0
:86:/PREF/987602019/TRCD/178/INIT//NAME/RABO FD/ISDT/2019-03-14
:62F:C210319EUR000000422312,68
:64:C210319EUR000000422312,68
:65:C210319EUR000000422312,68
:65:C210319EUR000000422312,68
:65:C210319EUR000000422312,68
:65:C210319EUR000000422312,68
:20:940S190314
:25:NL21RABO0123456789 EUR
:28C:22301/1
:60F:C210319EUR000000422312,68
:61:210319D000000003580,12N216NONREF//BI909096168877-0
:86:/PREF/987602019/TRCD/178/INIT//NAME/RABO FD/ISDT/2019-03-14
:61:210319C000000003587,89N216NONREF//BI909096168877-0
:86:/PREF/987602019/TRCD/178/INIT//NAME/RABO FD/ISDT/2019-03-14
:62F:C210319EUR000000422320,45
:64:C210319EUR000000422320,45
:65:C210319EUR000000422320,45
:65:C210319EUR000000422320,45
:65:C210319EUR000000422320,45
:65:C210319EUR000000422320,45
:20:940S190314
:25:NL21RABO0123456789 EUR
:28C:22401/1
:60F:C210319EUR000000422320,45
:61:210319C000000003595,66N216NONREF//BI909096168877-0
:86:/PREF/987602019/TRCD/178/INIT//NAME/RABO FD/ISDT/2019-03-14
:61:210319C000000003603,42N216NONREF//BI909096168877-0
:86:/PREF/987602019/TRCD/178/INIT//NAME/RABO FD/ISDT/2019-03-14
:62F:C210319EUR000000429519,53
:64:C210319EUR000000429519,53
:65:C210319EUR000000429519,53
:65:C210319EUR000000429519,53
:65:C210319EUR000000429519,53
:65:C210319EUR000000429519,53
:20:940S190314
:25:NL21RABO0123456789 EUR
:28C:22501/1
:60F:C210319EUR000000429519,53
:61:210319D000000003611,19N216NONREF//BI909096168877-0
:86:/PREF/987602019/TRCD/178/INIT//NAME/RABO FD/ISDT/2019-03-14
:61:210319C000000003618,96N216NONREF//BI909096168877-0
:86:/PREF/987602019/TRCD/178/INIT//NAME/RABO FD/ISDT/2019-03-14
:62F:C210319EUR0000000429527,3
:64:C210319EUR0000000429527,3
:65:C210319EUR0000000429527,3
:65:C210319EUR0000000429527,3
:65:C210319EUR0000000429527,3
:65:C210319EUR0000000429527,3
:20:940S190314
:25:NL21RABO0123456789 EUR
:28C:22601/1
:60F:C210319EUR0000000429527,3
:61:210319C000000003626,72N216NONREF//BI909096168877-0
:86:/PREF/987602019/TRCD/178/INIT//NAME/RABO FD/ISDT/2019-03-14
:61:210319C000000003634,49N216NONREF//BI909096168877-0
:86:/PREF/987602019/TRCD/178/INIT//NAME/RABO FD/ISDT/2019-03-14
:61:210319D000000003642,26N216NONREF//BI909096168877-0
:86:/PREF/987602019/TRCD/178/INIT//NAME/RABO FD/ISDT/2019-03-14
:62F:C210319EUR000000433146,25
:64:C210319EUR000000433146,25
:65:C210319EUR000000433146,25
:65:C210319EUR000000433146,25
:65:C210319EUR000000433146,25
:65:C210319EUR000000433146,25
:20:940S190314
:25:NL21RABO0123456789 EUR
:28C:22701/1
:60F:C210324EUR000000433146,25
:61:210324C000000003650,02N216NONREF//BI909096168877-0
:86:/PREF/987602019/TRCD/178/INIT//NAME/RABO FD/ISDT/2019-03-14
:61:210324C000000003657,79N216NONREF//BI909096168877-0
:86:/PREF/987602019/TRCD/178/INIT//NAME/RABO FD/ISDT/2019-03-14
:62F:C210324EUR000000440454,06
:64:C210324EUR000000440454,06
:65:C210324EUR000000440454,06
:65:C210324EUR000000440454,06
:65:C210324EUR000000440454,06
:65:C210324EUR000000440454,06
:20:940S190314
:25:NL21RABO0123456789 EUR
:28C:22801/1
:60F:C210325EUR000000440454,06
:61:210325C000000003665,56N216NONREF//BI909096168877-0
:86:/PREF/987602019/TRCD/178/INIT//NAME/RABO FD/ISDT/2019-03-14
:61:210325D000000003673,32N216NONREF//BI909096168877-0
:86:/PREF/987602019/TRCD/178/INIT//NAME/RABO FD/ISDT/2019-03-14
:61:210325C000000003681,09N216NONREF//BI909096168877-0
:86:/PREF/987602019/TRCD/178/INIT//NAME/RABO FD/ISDT/2019-03-14
:62F:C210325EUR000000444127,39
:64:C210325EUR000000444127,39
:65:C210325EUR000000444127,39
:65:C210325EUR000000444127,39
:65:C210325EUR000000444127,39
:65:C210325EUR000000444127,39
:20:940S190314
:25:NL21RABO0123456789 EUR
:28C:22901/1
:60F:C210325EUR000000444127,39
:61:210325C000000003688,86N216NONREF//BI909096168877-0
:86:/PREF/987602019/TRCD/178/INIT//NAME/RABO FD/ISDT/2019-03-14
:61:210325D000000003696,62N216NONREF//BI909096168877-0
:86:/PREF/987602019/TRCD/178/INIT//NAME/RABO FD/ISDT/2019-03-14
:62F:C210325EUR000000444119,63
:64:C210325EUR000000444119,63
:65:C210325EUR000000444119,63
:65:C210325EUR000000444119,63
:65:C210325EUR000000444119,63
:65:C210325EUR000000444119,63
:20:940S190314
:25:NL21RABO0123456789 EUR
:28C:23001/1
:60F:C210325EUR000000444119,63
:61:210325C000000003704,39N216NONREF//BI909096168877-0
:86:/PREF/987602019/TRCD/178/INIT//NAME/RABO FD/ISDT/2019-03-14
:61:210325C000000003712,16N216NONREF//BI909096168877-0
:86:/PREF/987602019/TRCD/178/INIT//NAME/RABO FD/ISDT/2019-03-14
:62F:C210325EUR000000451536,18
:64:C210325EUR000000451536,18
:65:C210325EUR000000451536,18
:65:C210325EUR000000451536,18
:65:C210325EUR000000451536,18
:65:C210325EUR000000451536,18
:20:940S190314
:25:NL21RABO0123456789 EUR
:28C:23101/1
:60F:C210325EUR000000451536,18
:61:210325C000000003719,92N216NONREF//BI909096168877-0
:86:/PREF/987602019/TRCD/178/INIT//NAME/RABO FD/ISDT/2019-03-14
:61:210325D000000003727,69N216NONREF//BI909096168877-0
:86:/PREF/987602019/TRCD/178/INIT//NAME/RABO FD/ISDT/2019-03-14
:62F:C210325EUR000000451528,41
:64:C210325EUR000000451528,41
:65:C210325EUR000000451528,41
:65:C210325EUR000000451528,41
:65:C210325EUR000000451528,41
:65:C210325EUR000000451528,41
:20:940S190314
:25:NL21RABO0123456789 EUR
:28C:23201/1
:60F:C210325EUR000000451528,41
:61:210325C000000003735,46N216NONREF//BI909096168877-0
:86:/PREF/987602019/TRCD/178/INIT//NAME/RABO FD/ISDT/2019-03-14
:61:210325C000000003743,22N216NONREF//BI909096168877-0
:86:/PREF/987602019/TRCD/178/INIT//NAME/RABO FD/ISDT/2019-03-14
:61:210325C000000003750,99N216NONREF//BI909096168877-0
:86:/PREF/987602019/TRCD/178/INIT//NAME/RABO FD/ISDT/2019-03-14
:62F:C210325EUR000000462758,08
:64:C210325EUR000000462758,08
:65:C210325EUR000000462758,08
:65:C210325EUR000000462758,08
:65:C210325EUR000000462758,08
:65:C210325EUR000000462758,08
:20:940S190314
:25:NL21RABO0123456789 EUR
:28C:23301/1
:60F:C210325EUR000000462758,08
:61:210325D000000003758,76N216NONREF//BI909096168877-0
:86:/PREF/987602019/TRCD/178/INIT//NAME/RABO FD/ISDT/2019-03-14
:61:210325C000000003766,52N216NONREF//BI909096168877-0
:86:/PREF/987602019/TRCD/178/INIT//NAME/RABO FD/ISDT/2019-03-14
:62F:C210325EUR000000462765,84
:64:C210325EUR000000462765,84
:65:C210325EUR000000462765,84
:65:C210325EUR000000462765,84
:65:C210325EUR000000462765,84
:65:C210325EUR000000462765,84
:20:940S190314
:25:NL21RABO0123456789 EUR
:28C:23401/1
:60F:C210331EUR000000462765,84
:61:210331C000000003774,29N216NONREF//BI909096168877-0
:86:/PREF/987602019/TRCD/178/INIT//NAME/RABO FD/ISDT/2019-03-14
:61:210331C000000003782,06N216NONREF//BI909096168877-0
:86:/PREF/987602019/TRCD/178/INIT//NAME/RABO FD/ISDT/2019-03-14
:62F:C210331EUR000000470322,19
:64:C210331EUR000000470322,19
:65:C210331EUR000000470322,19
:65:C210331EUR000000470322,19
:65:C210331EUR000000470322,19
:65:C210331EUR000000470322,19
:20:940S190314
:25:NL21RABO0123456789 EUR
:28C:23501/1
:60F:C210401EUR000000470322,19
:61:210401D000000003789,82N216NONREF//BI909096168877-0
:86:/PREF/987602019/TRCD/178/INIT//NAME/RABO FD/ISDT/2019-03-14
:61:210401C000000003797,59N216NONREF//BI909096168877-0
:86:/PREF/987602019/TRCD/178/INIT//NAME/RABO FD/ISDT/2019-03-14
:62F:C210401EUR000000470329,96
:64:C210401EUR000000470329,96
:65:C210401EUR000000470329,96
:65:C210401EUR000000470329,96
:65:C210401EUR000000470329,96
:65:C210401EUR000000470329,96
:20:940S190314
:25:NL21RABO0123456789 EUR
:28C:23601/1
:60F:C210402EUR000000470329,96
:61:210402C000000003805,36N216NONREF//BI909096168877-0
:86:/PREF/987602019/TRCD/178/INIT//NAME/RABO FD/ISDT/2019-03-14
:61:210402D000000003813,12N216NONREF//BI909096168877-0
:86:/PREF/987602019/TRCD/178/INIT//NAME/RABO FD/ISDT/2019-03-14
:62F:C210402EUR0000000470322,2
:64:C210402EUR0000000470322,2
:65:C210402EUR0000000470322,2
:65:C210402EUR0000000470322,2
:65:C210402EUR0000000470322,2
:65:C210402EUR0000000470322,2
:20:940S190314
:25:NL21RABO0123456789 EUR
:28C:23701/1
:60F:C210402EUR0000000470322,2
:61:210402C000000003820,89N216NONREF//BI909096168877-0
:86:/PREF/987602019/TRCD/178/INIT//NAME/RABO FD/ISDT/2019-03-14
:61:210402C000000003828,66N216NONREF//BI909096168877-0
:86:/PREF/987602019/TRCD/178/INIT//NAME/RABO FD/ISDT/2019-03-14
:61:210402C000000003836,42N216NONREF//BI909096168877-0
:86:/PREF/987602019/TRCD/178/INIT//NAME/RABO FD/ISDT/2019-03-14
:62F:C210402EUR000000481808,17
:64:C210402EUR000000481808,17
:65:C210402EUR000000481808,17
:65:C210402EUR000000481808,17
:65:C210402EUR000000481808,17
:65:C210402EUR000000481808,17
:20:940S190314
:25:NL21RABO0123456789 EUR
:28C:23801/1
:60F:C210402EUR000000481808,17
:61:210402D000000003844,19N216NONREF//BI909096168877-0
:86:/PREF/987602019/TRCD/178/INIT//NAME/RABO FD/ISDT/2019-03-14
:61:210402C000000003851,96N216NONREF//BI909096168877-0
:86:/PREF/987602019/TRCD/178/INIT//NAME/RABO FD/ISDT/2019-03-14
:62F:C210402EUR000000481815,94
:64:C210402EUR000000481815,94
:65:C210402EUR000000481815,94
:65:C210402EUR000000481815,94
:65:C210402EUR000000481815,94
:65:C210402EUR000000481815,94
:20:940S190314
:25:NL21RABO0123456789 EUR
:28C:23901/1
:60F:C210405EUR000000481815,94
:61:210405C000000003859,72N216NONREF//BI909096168877-0
:86:/PREF/987602019/TRCD/178/INIT//NAME/RABO FD/ISDT/2019-03-14
:61:210405C000000003867,49N216NONREF//BI909096168877-0
:86:/PREF/987602019/TRCD/178/INIT//NAME/RABO FD/ISDT/2019-03-14
:62F:C210405EUR000000489543,15
:64:C210405EUR000000489543,15
:65:C210405EUR000000489543,15
:65:C210405EUR000000489543,15
:65:C210405EUR000000489543,15
:65:C210405EUR000000489543,15
:20:940S190314
:25:NL21RABO0123456789 EUR
:28C:24001/1
:60F:C210406EUR000000489543,15
:61:210406D000000003875,26N216NONREF//BI909096168877-0
:86:/PREF/987602019/TRCD/178/INIT//NAME/RABO FD/ISDT/2019-03-14
:61:210406C000000003883,02N216NONREF//BI909096168877-0
:86:/PREF/987602019/TRCD/178/INIT//NAME/RABO FD/ISDT/2019-03-14
:62F:C210406EUR000000489550,91
:64:C210406EUR000000489550,91
:65:C210406EUR000000489550,91
:65:C210406EUR000000489550,91
:65:C210406EUR000000489550,91
:65:C210406EUR000000489550,91
:20:940S190314
:25:NL21RABO0123456789 EUR
:28C:24101/1
:60F:C210407EUR000000489550,91
:61:210407C000000003890,79N216NONREF//BI909096168877-0
:86:/PREF/987602019/TRCD/178/INIT//NAME/RABO FD/ISDT/2019-03-14
:61:210407C000000003898,56N216NONREF//BI909096168877-0
:86:/PREF/987602019/TRCD/178/INIT//NAME/RABO FD/ISDT/2019-03-14
:61:210407D000000003906,32N216NONREF//BI909096168877-0
:86:/PREF/987602019/TRCD/178/INIT//NAME/RABO FD/ISDT/2019-03-14
:62F:C210407EUR000000493433,94
:64:C210407EUR000000493433,94
:65:C210407EUR000000493433,94
:65:C210407EUR000000493433,94
:65:C210407EUR000000493433,94
:65:C210407EUR000000493433,94
:20:940S190314
:25:NL21RABO0123456789 EUR
:28C:24201/1
:60F:C210408EUR000000493433,94
:61:210408C000000003914,09N216NONREF//BI909096168877-0
:86:/PREF/987602019/TRCD/178/INIT//NAME/RABO FD/ISDT/2019-03-14
:61:210408C000000003921,86N216NONREF//BI909096168877-0
:86:/PREF/987602019/TRCD/178/INIT//NAME/RABO FD/ISDT/2019-03-14
:62F:C210408EUR000000501269,89
:64:C210408EUR000000501269,89
:65:C210408EUR000000501269,89
:65:C210408EUR000000501269,89
:65:C210408EUR000000501269,89
:65:C210408EUR000000501269,89
:20:940S190314
:25:NL21RABO0123456789 EUR
:28C:24301/1
:60F:C210408EUR000000501269,89
:61:210408D000000003929,62N216NONREF//BI909096168877-0
:86:/PREF/987602019/TRCD/178/INIT//NAME/RABO FD/ISDT/2019-03-14
:61:210408C000000003937,39N216NONREF//BI909096168877-0
:86:/PREF/987602019/TRCD/178/INIT//NAME/RABO FD/ISDT/2019-03-14
:62F:C210408EUR000000501277,66
:64:C210408EUR000000501277,66
:65:C210408EUR000000501277,66
:65:C210408EUR000000501277,66
:65:C210408EUR000000501277,66
:65:C210408EUR000000501277,66
:20:940S190314
:25:NL21RABO0123456789 EUR
:28C:24401/1
:60F:C210410EUR000000501277,66
:61:210410C000000003945,16N216NONREF//BI909096168877-0
:86:/PREF/987602019/TRCD/178/INIT//NAME/RABO FD/ISDT/2019-03-14
:61:210410C000000003952,92N216NONREF//BI909096168877-0
:86:/PREF/987602019/TRCD/178/INIT//NAME/RABO FD/ISDT/2019-03-14
:62F:C210410EUR000000509175,74
:64:C210410EUR000000509175,74
:65:C210410EUR000000509175,74
:65:C210410EUR000000509175,74
:65:C210410EUR000000509175,74
:65:C210410EUR000000509175,74
:20:940S190314
:25:NL21RABO0123456789 EUR
:28C:24501/1
:60F:C210411EUR000000509175,74
:61:210411D000000003960,69N216NONREF//BI909096168877-0
:86:/PREF/987602019/TRCD/178/INIT//NAME/RABO FD/ISDT/2019-03-14
:61:210411C000000003968,46N216NONREF//BI909096168877-0
:86:/PREF/987602019/TRCD/178/INIT//NAME/RABO FD/ISDT/2019-03-14
:62F:C210411EUR000000509183,51
:64:C210411EUR000000509183,51
:65:C210411EUR000000509183,51
:65:C210411EUR000000509183,51
:65:C210411EUR000000509183,51
:65:C210411EUR000000509183,51
:20:940S190314
:25:NL21RABO0123456789 EUR
:28C:24601/1
:60F:C210411EUR000000509183,51
:61:210411C000000003976,22N216NONREF//BI909096168877-0
:86:/PREF/987602019/TRCD/178/INIT//NAME/RABO FD/ISDT/2019-03-14
:61:210411C000000003983,99N216NONREF//BI909096168877-0
:86:/PREF/987602019/TRCD/178/INIT//NAME/RABO FD/ISDT/2019-03-14
:61:210411D000000003991,76N216NONREF//BI909096168877-0
:86:/PREF/987602019/TRCD/178/INIT//NAME/RABO FD/ISDT/2019-03-14
:61:210411C000000003999,52N216NONREF//BI909096168877-0
:86:/PREF/987602019/TRCD/178/INIT//NAME/RABO FD/ISDT/2019-03-14
:61:210411C000000004007,29N216NONREF//BI909096168877-0
:86:/PREF/987602019/TRCD/178/INIT//NAME/RABO FD/ISDT/2019-03-14
:62F:C210411EUR000000521158,77
:64:C210411EUR000000521158,77
:65:C210411EUR000000521158,77
:65:C210411EUR000000521158,77
:65:C210411EUR000000521158,77
:65:C210411EUR000000521158,77
:20:940S190314
:25:NL21RABO0123456789 EUR
:28C:24701/1
:60F:C210413EUR000000521158,77
:61:210413C000000004015,06N216NONREF//BI909096168877-0
:86:/PREF/987602019/TRCD/178/INIT//NAME/RABO FD/ISDT/2019-03-14
:61:210413D000000004022,82N216NONREF//BI909096168877-0
:86:/PREF/987602019/TRCD/178/INIT//NAME/RABO FD/ISDT/2019-03-14
:62F:C210413EUR000000521151,01
:64:C210413EUR000000521151,01
:65:C210413EUR000000521151,01
:65:C210413EUR000000521151,01
:65:C210413EUR000000521151,01
:65:C210413EUR000000521151,01
:20:940S190314
:25:NL21RABO0123456789 EUR
:28C:24801/1
:60F:C210414EUR000000521151,01
:61:210414C000000004030,59N216NONREF//BI909096168877-0
:86:/PREF/987602019/TRCD/178/INIT//NAME/RABO FD/ISDT/2019-03-14
:61:210414C000000004038,36N216NONREF//BI909096168877-0
:86:/PREF/987602019/TRCD/178/INIT//NAME/RABO FD/ISDT/2019-03-14
:62F:C210414EUR000000529219,96
:64:C210414EUR000000529219,96
:65:C210414EUR000000529219,96
:65:C210414EUR000000529219,96
:65:C210414EUR000000529219,96
:65:C210414EUR000000529219,96
:20:940S190314
:25:NL21RABO0123456789 EUR
:28C:24901/1
:60F:C210415EUR000000529219,96
:61:210415D000000004046,12N216NONREF//BI909096168877-0
:86:/PREF/987602019/TRCD/178/INIT//NAME/RABO FD/ISDT/2019-03-14
:61:210415C000000004053,89N216NONREF//BI909096168877-0
:86:/PREF/987602019/TRCD/178/INIT//NAME/RABO FD/ISDT/2019-03-14
:62F:C210415EUR000000529227,73
:64:C210415EUR000000529227,73
:65:C210415EUR000000529227,73
:65:C210415EUR000000529227,73
:65:C210415EUR000000529227,73
:65:C210415EUR000000529227,73
:20:940S190314
:25:NL21RABO0123456789 EUR
:28C:25001/1
:60F:C210416EUR000000529227,73
:61:210416C000000004061,66N216NONREF//BI909096168877-0
:86:/PREF/987602019/TRCD/178/INIT//NAME/RABO FD/ISDT/2019-03-14
:61:210416C000000004069,42N216NONREF//BI909096168877-0
:86:/PREF/987602019/TRCD/178/INIT//NAME/RABO FD/ISDT/2019-03-14
:61:210416D000000004077,19N216NONREF//BI909096168877-0
:86:/PREF/987602019/TRCD/178/INIT//NAME/RABO FD/ISDT/2019-03-14
:62F:C210416EUR000000533281,62
:64:C210416EUR000000533281,62
:65:C210416EUR000000533281,62
:65:C210416EUR000000533281,62
:65:C210416EUR000000533281,62
:65:C210416EUR000000533281,62
:20:940S190314
:25:NL21RABO0123456789 EUR
:28C:25101/1
:60F:C210417EUR000000533281,62
:61:210417C000000004084,96N216NONREF//BI909096168877-0
:86:/PREF/987602019/TRCD/178/INIT//NAME/RABO FD/ISDT/2019-03-14
:61:210417C000000004092,72N216NONREF//BI909096168877-0
:86:/PREF/987602019/TRCD/178/INIT//NAME/RABO FD/ISDT/2019-03-14
:62F:C210417EUR0000000541459,3
:64:C210417EUR0000000541459,3
:65:C210417EUR0000000541459,3
:65:C210417EUR0000000541459,3
:65:C210417EUR0000000541459,3
:65:C210417EUR0000000541459,3
:20:940S190314
:25:NL21RABO0123456789 EUR
:28C:25201/1
:60F:C210417EUR0000000541459,3
:61:210417C000000004100,49N216NONREF//BI909096168877-0
:86:/PREF/987602019/TRCD/178/INIT//NAME/RABO FD/ISDT/2019-03-14
:61:210417D000000004108,26N216NONREF//BI909096168877-0
:86:/PREF/987602019/TRCD/178/INIT//NAME/RABO FD/ISDT/2019-03-14
:62F:C210417EUR000000541451,53
:64:C210417EUR000000541451,53
:65:C210417EUR000000541451,53
:65:C210417EUR000000541451,53
:65:C210417EUR000000541451,53
:65:C210417EUR000000541451,53
:20:940S190314
:25:NL21RABO0123456789 EUR
:28C:25301/1
:60F:C210417EUR000000541451,53
:61:210417C000000004116,02N216NONREF//BI909096168877-0
:86:/PREF/987602019/TRCD/178/INIT//NAME/RABO FD/ISDT/2019-03-14
:61:210417C000000004123,79N216NONREF//BI909096168877-0
:86:/PREF/987602019/TRCD/178/INIT//NAME/RABO FD/ISDT/2019-03-14
:62F:C210417EUR000000549691,34
:64:C210417EUR000000549691,34
:65:C210417EUR000000549691,34
:65:C210417EUR000000549691,34
:65:C210417EUR000000549691,34
:65:C210417EUR000000549691,34
:20:940S190314
:25:NL21RABO0123456789 EUR
:28C:25401/1
:60F:C210420EUR000000549691,34
:61:210420C000000004131,56N216NONREF//BI909096168877-0
:86:/PREF/987602019/TRCD/178/INIT//NAME/RABO FD/ISDT/2019-03-14
:61:210420D000000004139,32N216NONREF//BI909096168877-0
:86:/PREF/987602019/TRCD/178/INIT//NAME/RABO FD/ISDT/2019-03-14
:62F:C210420EUR000000549683,58
:64:C210420EUR000000549683,58
:65:C210420EUR000000549683,58
:65:C210420EUR000000549683,58
:65:C210420EUR000000549683,58
:65:C210420EUR000000549683,58
:20:940S190314
:25:NL21RABO0123456789 EUR
:28C:25501/1
:60F:C210421EUR000000549683,58
:61:210421C000000004147,09N216NONREF//BI909096168877-0
:86:/PREF/987602019/TRCD/178/INIT//NAME/RABO FD/ISDT/2019-03-14
:61:210421C000000004154,86N216NONREF//BI909096168877-0
:86:/PREF/987602019/TRCD/178/INIT//NAME/RABO FD/ISDT/2019-03-14
:61:210421D000000004162,62N216NONREF//BI909096168877-0
:86:/PREF/987602019/TRCD/178/INIT//NAME/RABO FD/ISDT/2019-03-14
:62F:C210421EUR000000553822,91
:64:C210421EUR000000553822,91
:65:C210421EUR000000553822,91
:65:C210421EUR000000553822,91
:65:C210421EUR000000553822,91
:65:C210421EUR000000553822,91
:20:940S190314
:25:NL21RABO0123456789 EUR
:28C:25601/1
:60F:C210422EUR000000553822,91
:61:210422C000000004170,39N216NONREF//BI909096168877-0
:86:/PREF/987602019/TRCD/178/INIT//NAME/RABO FD/ISDT/2019-03-14
:61:210422C000000004178,16N216NONREF//BI909096168877-0
:86:/PREF/987602019/TRCD/178/INIT//NAME/RABO FD/ISDT/2019-03-14
:62F:C210422EUR000000562171,46
:64:C210422EUR000000562171,46
:65:C210422EUR000000562171,46
:65:C210422EUR000000562171,46
:65:C210422EUR000000562171,46
:65:C210422EUR000000562171,46
:20:940S190314
:25:NL21RABO0123456789 EUR
:28C:25701/1
:60F:C210422EUR000000562171,46
:61:210422C000000004185,92N216NONREF//BI909096168877-0
:86:/PREF/987602019/TRCD/178/INIT//NAME/RABO FD/ISDT/2019-03-14
:61:210422D000000004193,69N216NONREF//BI909096168877-0
:86:/PREF/987602019/TRCD/178/INIT//NAME/RABO FD/ISDT/2019-03-14
:62F:C210422EUR000000562163,69
:64:C210422EUR000000562163,69
:65:C210422EUR000000562163,69
:65:C210422EUR000000562163,69
:65:C210422EUR000000562163,69
:65:C210422EUR000000562163,69
:20:940S190314
:25:NL21RABO0123456789 EUR
:28C:25801/1
:60F:C210424EUR000000562163,69
:61:210424C000000004201,46N216NONREF//BI909096168877-0
:86:/PREF/987602019/TRCD/178/INIT//NAME/RABO FD/ISDT/2019-03-14
:61:210424C000000004209,22N216NONREF//BI909096168877-0
:86:/PREF/987602019/TRCD/178/INIT//NAME/RABO FD/ISDT/2019-03-14
:62F:C210424EUR000000570574,37
:64:C210424EUR000000570574,37
:65:C210424EUR000000570574,37
:65:C210424EUR000000570574,37
:65:C210424EUR000000570574,37
:65:C210424EUR000000570574,37
:20:940S190314
:25:NL21RABO0123456789 EUR
:28C:25901/1
:60F:C210426EUR000000570574,37
:61:210426C000000004216,99N216NONREF//BI909096168877-0
:86:/PREF/987602019/TRCD/178/INIT//NAME/RABO FD/ISDT/2019-03-14
:61:210426D000000004224,76N216NONREF//BI909096168877-0
:86:/PREF/987602019/TRCD/178/INIT//NAME/RABO FD/ISDT/2019-03-14
:61:210426C000000004232,52N216NONREF//BI909096168877-0
:86:/PREF/987602019/TRCD/178/INIT//NAME/RABO FD/ISDT/2019-03-14
:62F:C210426EUR000000574799,12
:64:C210426EUR000000574799,12
:65:C210426EUR000000574799,12
:65:C210426EUR000000574799,12
:65:C210426EUR000000574799,12
:65:C210426EUR000000574799,12
:20:940S190314
:25:NL21RABO0123456789 EUR
:28C:26001/1
:60F:C210427EUR000000574799,12
:61:210427C000000004240,29N216NONREF//BI909096168877-0
:86:/PREF/987602019/TRCD/178/INIT//NAME/RABO FD/ISDT/2019-03-14
:61:210427C000000004248,06N216NONREF//BI909096168877-0
:86:/PREF/987602019/TRCD/178/INIT//NAME/RABO FD/ISDT/2019-03-14
:62F:C210427EUR000000583287,47
:64:C210427EUR000000583287,47
:65:C210427EUR000000583287,47
:65:C210427EUR000000583287,47
:65:C210427EUR000000583287,47
:65:C210427EUR000000583287,47
:20:940S190314
:25:NL21RABO0123456789 EUR
:28C:26101/1
:60F:C210429EUR000000583287,47
:61:210429D000000004255,82N216NONREF//BI909096168877-0
:86:/PREF/987602019/TRCD/178/INIT//NAME/RABO FD/ISDT/2019-03-14
:61:210429C000000004263,59N216NONREF//BI909096168877-0
:86:/PREF/987602019/TRCD/178/INIT//NAME/RABO FD/ISDT/2019-03-14
:62F:C210429EUR000000583295,24
:64:C210429EUR000000583295,24
:65:C210429EUR000000583295,24
:65:C210429EUR000000583295,24
:65:C210429EUR000000583295,24
:65:C210429EUR000000583295,24
